<record><header><identifier>oai:alma.41SLSP_UGE:991000026829705502</identifier><datestamp>2023-03-01T01:08:55Z</datestamp><setSpec>uge_bcen_RapidILL_BOOK</setSpec><setSpec>uge_aaca_RapidILL_BOOK</setSpec><setSpec>uge_abels_RapidILL_BOOK</setSpec><setSpec>uge_dbu_RapidILL_BOOK</setSpec><setSpec>uge_cmu_RapidILL_BOOK</setSpec><setSpec>uge_mail_RapidILL_BOOK</setSpec><setSpec>UNIGE_ALL</setSpec><setSpec>uge_abbat_RapidILL_BOOK</setSpec><setSpec>uge_aobs_RapidILL_BOOK</setSpec><setSpec>uge_acar_RapidILL_BOOK</setSpec></header><metadata>
<record xmlns="http://www.loc.gov/MARC21/slim" xmlns:xsi="http://www.w3.org/2001/XMLSchema-instance" xsi:schemaLocation="http://www.loc.gov/MARC21/slim http://www.loc.gov/standards/marcxml/schema/MARC21slim.xsd"><leader>01414nam a2200337uc 4500</leader><controlfield tag="001">991000026829705502</controlfield><controlfield tag="005">20201230230907.0</controlfield><controlfield tag="008">201011s1984    xxk    |      10| ||eng|d</controlfield><datafield ind1=" " ind2=" " tag="020"><subfield code="a">0080314899</subfield></datafield><datafield ind1=" " ind2=" " tag="035"><subfield code="a">(swissbib)221934308-41slsp_network</subfield></datafield><datafield ind1=" " ind2=" " tag="035"><subfield code="a">221934308</subfield><subfield code="9">ExL</subfield></datafield><datafield ind1=" " ind2=" " tag="035"><subfield code="a">(NEBIS)000374363EBI01</subfield></datafield><datafield ind1=" " ind2=" " tag="035"><subfield code="a">(RERO)0563283-41slsp</subfield></datafield><datafield ind1=" " ind2=" " tag="035"><subfield code="a">(EXLNZ-41SLSP_NETWORK)991109763409705501</subfield></datafield><datafield ind1=" " ind2=" " tag="040"><subfield code="a">ETH-PHY</subfield><subfield code="b">ger</subfield><subfield code="e">ETHICS-ISBD</subfield><subfield code="d">CH-ZuSLS</subfield></datafield><datafield ind1=" " ind2="7" tag="072"><subfield code="a">py</subfield><subfield code="2">rero</subfield></datafield><datafield ind1="0" ind2="0" tag="245"><subfield code="a">Mesons, isobars, quarks and nuclear excitations</subfield><subfield code="b">proceedings of the International School of Nuclear Physics, Erice, 6-18 April 1983</subfield><subfield code="c">ed.: Denys Wilkinson</subfield></datafield><datafield ind1=" " ind2="1" tag="264"><subfield code="a">Oxford [etc.]</subfield><subfield code="b">Pergamon Press</subfield><subfield code="c">1984</subfield></datafield><datafield ind1=" " ind2=" " tag="300"><subfield code="a">VII, 635 S.</subfield><subfield code="c">26 cm</subfield><subfield code="b">Ill.</subfield></datafield><datafield ind1=" " ind2=" " tag="336"><subfield code="b">txt</subfield><subfield code="2">rdacontent</subfield></datafield><datafield ind1=" " ind2=" " tag="337"><subfield code="b">n</subfield><subfield code="2">rdamedia</subfield></datafield><datafield ind1=" " ind2=" " tag="338"><subfield code="b">nc</subfield><subfield code="2">rdacarrier</subfield></datafield><datafield ind1="1" ind2=" " tag="490"><subfield code="a">Progress in particle and nuclear physics</subfield><subfield code="v">vol. 11</subfield></datafield><datafield ind1=" " ind2=" " tag="500"><subfield code="a">Congrès de physique. Erice. 1983</subfield></datafield><datafield ind1=" " ind2="7" tag="650"><subfield code="a">KERNPHYSIK</subfield><subfield code="9">ger</subfield><subfield code="0">(ETHUDK)000015476</subfield><subfield code="2">ethudk</subfield></datafield><datafield ind1=" " ind2="7" tag="655"><subfield code="a">Konferenzschrift</subfield><subfield code="z">Erice</subfield><subfield code="y">1983</subfield><subfield code="2">gnd-content</subfield></datafield><datafield ind1="1" ind2=" " tag="700"><subfield code="a">Wilkinson, Denys</subfield><subfield code="d">1922-2016</subfield><subfield code="0">(DE-588)109784685</subfield><subfield code="6">880-02</subfield></datafield><datafield ind1="1" ind2=" " tag="880"><subfield code="6">700-02</subfield><subfield code="a">Wilkinson, Denys Haigh</subfield><subfield code="d">1922-....</subfield><subfield code="0">(IDREF)031590802</subfield></datafield><datafield ind1="2" ind2=" " tag="711"><subfield code="a">International School of Nuclear Physics</subfield><subfield code="d">1983</subfield><subfield code="c">Erice</subfield><subfield code="0">(RERO)A012412688</subfield></datafield><datafield ind1="2" ind2=" " tag="711"><subfield code="a">International School of Nuclear Physics</subfield><subfield code="0">(DE-588)1091901473</subfield></datafield><datafield ind1=" " ind2=" " tag="830"><subfield code="a">Progress in particle and nuclear physics</subfield><subfield code="v">11</subfield><subfield code="w">(NEBIS)000008808EBI01</subfield></datafield><datafield ind1=" " ind2=" " tag="900"><subfield code="a">REROnoselfmerge</subfield></datafield></record>
</metadata></record>