<record><header><identifier>oai:alma.41SLSP_UGE:991000026929705502</identifier><datestamp>2024-04-06T00:21:27Z</datestamp><setSpec>uge_bcen_RapidILL_BOOK</setSpec><setSpec>uge_aaca_RapidILL_BOOK</setSpec><setSpec>uge_abels_RapidILL_BOOK</setSpec><setSpec>uge_dbu_RapidILL_BOOK</setSpec><setSpec>uge_cmu_RapidILL_BOOK</setSpec><setSpec>uge_mail_RapidILL_BOOK</setSpec><setSpec>uge_abbat_RapidILL_BOOK</setSpec><setSpec>UNIGE_ALL</setSpec><setSpec>uge_acar_RapidILL_BOOK</setSpec><setSpec>uge_aobs_RapidILL_BOOK</setSpec></header><metadata>
<record xmlns="http://www.loc.gov/MARC21/slim" xmlns:xsi="http://www.w3.org/2001/XMLSchema-instance" xsi:schemaLocation="http://www.loc.gov/MARC21/slim http://www.loc.gov/standards/marcxml/schema/MARC21slim.xsd"><leader>01330nam a2200361 c 4500</leader><controlfield tag="001">991000026929705502</controlfield><controlfield tag="005">20230303210727.0</controlfield><controlfield tag="008">150915s2015    fr ||||| |||| 00| ||fre d</controlfield><datafield ind1=" " ind2=" " tag="020"><subfield code="a">9782100709861</subfield></datafield><datafield ind1="7" ind2=" " tag="024"><subfield code="a">http://catalogue.bnf.fr/ark:/12148/cb44426968p</subfield><subfield code="2">uri</subfield></datafield><datafield ind1=" " ind2=" " tag="035"><subfield code="a">(swissbib)122062248-41slsp_network</subfield></datafield><datafield ind1=" " ind2=" " tag="035"><subfield code="a">122062248</subfield><subfield code="9">ExL</subfield></datafield><datafield ind1=" " ind2=" " tag="035"><subfield code="a">(RERO)R008253696-41slsp</subfield></datafield><datafield ind1=" " ind2=" " tag="035"><subfield code="a">(EXLNZ-41SLSP_NETWORK)991094738169705501</subfield></datafield><datafield ind1=" " ind2=" " tag="040"><subfield code="a">RERO vsbcvs</subfield><subfield code="d">CH-ZuSLS</subfield></datafield><datafield ind1=" " ind2="7" tag="072"><subfield code="a">ps</subfield><subfield code="2">rero</subfield></datafield><datafield ind1="1" ind2=" " tag="080"><subfield code="a">343.6:314.6</subfield></datafield><datafield ind1="1" ind2=" " tag="080"><subfield code="a">364.632</subfield></datafield><datafield ind1="1" ind2=" " tag="080"><subfield code="a">364.63</subfield></datafield><datafield ind1="0" ind2="0" tag="245"><subfield code="a">Violences conjugales</subfield><subfield code="b">un défi pour la parentalité</subfield><subfield code="c">sous la dir. de Karen Sadlier ; avec la collab. de Edouard Durand et Ernestine Ronai ; préf. de Maurice Berger</subfield></datafield><datafield ind1=" " ind2="1" tag="264"><subfield code="a">Paris</subfield><subfield code="b">Dunod</subfield><subfield code="c">2015</subfield></datafield><datafield ind1=" " ind2=" " tag="300"><subfield code="a">166 p.</subfield></datafield><datafield ind1=" " ind2=" " tag="336"><subfield code="b">txt</subfield><subfield code="2">rdacontent</subfield></datafield><datafield ind1=" " ind2=" " tag="337"><subfield code="b">n</subfield><subfield code="2">rdamedia</subfield></datafield><datafield ind1=" " ind2=" " tag="338"><subfield code="b">nc</subfield><subfield code="2">rdacarrier</subfield></datafield><datafield ind1="0" ind2=" " tag="490"><subfield code="a">Enfances. Protection de l'enfance</subfield></datafield><datafield ind1=" " ind2="7" tag="650"><subfield code="a">Violence conjugale</subfield><subfield code="0">(IDREF)033202168</subfield><subfield code="2">idref</subfield></datafield><datafield ind1=" " ind2="7" tag="650"><subfield code="a">Rôle parental</subfield><subfield code="0">(IDREF)031661777</subfield><subfield code="2">idref</subfield></datafield><datafield ind1=" " ind2="7" tag="650"><subfield code="a">Enfants maltraités</subfield><subfield code="0">(IDREF)027421716</subfield><subfield code="2">idref</subfield></datafield><datafield ind1=" " ind2="7" tag="655"><subfield code="a">[Études diverses]</subfield><subfield code="0">(RERO)A022249905</subfield><subfield code="2">rero</subfield></datafield><datafield ind1="1" ind2=" " tag="700"><subfield code="a">Sadlier, Karen</subfield><subfield code="0">(IDREF)055273041</subfield></datafield><datafield ind1="1" ind2=" " tag="700"><subfield code="a">Durand, Édouard</subfield><subfield code="c">magistrat</subfield><subfield code="d">1975-....</subfield><subfield code="0">(IDREF)174902638</subfield></datafield><datafield ind1="1" ind2=" " tag="700"><subfield code="a">Ronai, Ernestine</subfield><subfield code="d">1947-....</subfield><subfield code="0">(IDREF)174902891</subfield></datafield><datafield ind1=" " ind2=" " tag="900"><subfield code="a">REROnoselfmerge</subfield></datafield></record>
</metadata></record>