<record><header><identifier>oai:alma.41SLSP_UGE:991000027239705502</identifier><datestamp>2023-03-04T01:20:34Z</datestamp><setSpec>uge_bcen_RapidILL_BOOK</setSpec><setSpec>uge_aaca_RapidILL_BOOK</setSpec><setSpec>uge_abels_RapidILL_BOOK</setSpec><setSpec>uge_dbu_RapidILL_BOOK</setSpec><setSpec>uge_cmu_RapidILL_BOOK</setSpec><setSpec>uge_mail_RapidILL_BOOK</setSpec><setSpec>uge_abbat_RapidILL_BOOK</setSpec><setSpec>UNIGE_ALL</setSpec><setSpec>uge_acar_RapidILL_BOOK</setSpec><setSpec>uge_aobs_RapidILL_BOOK</setSpec></header><metadata>
<record xmlns="http://www.loc.gov/MARC21/slim" xmlns:xsi="http://www.w3.org/2001/XMLSchema-instance" xsi:schemaLocation="http://www.loc.gov/MARC21/slim http://www.loc.gov/standards/marcxml/schema/MARC21slim.xsd"><leader>03451nam a22007217c 4500</leader><controlfield tag="001">991000027239705502</controlfield><controlfield tag="005">20230303203006.0</controlfield><controlfield tag="008">201011s2005    gw ||||| |||| 10| ||eng d</controlfield><datafield ind1=" " ind2=" " tag="015"><subfield code="a">GFR-DNB-05,N48,0035</subfield></datafield><datafield ind1=" " ind2=" " tag="020"><subfield code="a">3540307060</subfield><subfield code="c">EUR 55.64 (freier Pr.), sfr 92.00 (freier Pr.)</subfield></datafield><datafield ind1=" " ind2=" " tag="020"><subfield code="a">9783540307068</subfield></datafield><datafield ind1=" " ind2=" " tag="020"><subfield code="a">9783540324225</subfield><subfield code="q">eBook</subfield></datafield><datafield ind1=" " ind2=" " tag="035"><subfield code="a">(swissbib)217271243-41slsp_network</subfield></datafield><datafield ind1=" " ind2=" " tag="035"><subfield code="a">217271243</subfield><subfield code="9">ExL</subfield></datafield><datafield ind1=" " ind2=" " tag="035"><subfield code="a">(RERO)R008766742-41slsp</subfield></datafield><datafield ind1=" " ind2=" " tag="035"><subfield code="a">(NEBIS)005115222EBI01</subfield></datafield><datafield ind1=" " ind2=" " tag="035"><subfield code="a">(EXLNZ-41SLSP_NETWORK)991011823059705501</subfield></datafield><datafield ind1=" " ind2=" " tag="040"><subfield code="a">LWU</subfield><subfield code="d">CH-ZuSLS</subfield></datafield><datafield ind1=" " ind2="0" tag="050"><subfield code="a">QA76.9.A25</subfield><subfield code="b">I5543 2005</subfield></datafield><datafield ind1=" " ind2="7" tag="072"><subfield code="a">in</subfield><subfield code="2">rero</subfield></datafield><datafield ind1="0" ind2="0" tag="082"><subfield code="a">005.8</subfield><subfield code="2">22</subfield></datafield><datafield ind1="0" ind2="0" tag="245"><subfield code="a">Information systems security</subfield><subfield code="b">first international conference, ICISS 2005, Kolkata, India, December 19-21, 2005 : proceedings</subfield><subfield code="c">Sushil Jajodia, Chandan Mazumdar (eds.)</subfield></datafield><datafield ind1="1" ind2=" " tag="246"><subfield code="a">ICISS 2005</subfield></datafield><datafield ind1=" " ind2="1" tag="264"><subfield code="a">Berlin</subfield><subfield code="b">Springer</subfield><subfield code="c">2005</subfield></datafield><datafield ind1=" " ind2=" " tag="300"><subfield code="a">342 p.</subfield><subfield code="b">ill.</subfield></datafield><datafield ind1=" " ind2=" " tag="336"><subfield code="b">txt</subfield><subfield code="2">rdacontent</subfield></datafield><datafield ind1=" " ind2=" " tag="337"><subfield code="b">n</subfield><subfield code="2">rdamedia</subfield></datafield><datafield ind1=" " ind2=" " tag="338"><subfield code="b">nc</subfield><subfield code="2">rdacarrier</subfield></datafield><datafield ind1="1" ind2=" " tag="490"><subfield code="a">Lecture notes in computer science</subfield><subfield code="v">3803</subfield></datafield><datafield ind1=" " ind2=" " tag="500"><subfield code="a">Variante du titre: ICISS 2005</subfield></datafield><datafield ind1=" " ind2=" " tag="504"><subfield code="a">Includes bibliographical references and index</subfield></datafield><datafield ind1=" " ind2="0" tag="650"><subfield code="a">Computer security</subfield><subfield code="v">Congresses</subfield></datafield><datafield ind1=" " ind2="0" tag="650"><subfield code="a">Computers</subfield><subfield code="x">Access control</subfield><subfield code="v">Congresses</subfield></datafield><datafield ind1=" " ind2="7" tag="650"><subfield code="a">Systèmes informatiques</subfield><subfield code="0">(IDREF)027249913</subfield><subfield code="2">idref</subfield></datafield><datafield ind1=" " ind2="7" tag="650"><subfield code="a">Protection de l'information (informatique)</subfield><subfield code="0">(IDREF)02801877X</subfield><subfield code="2">idref</subfield></datafield><datafield ind1=" " ind2="7" tag="650"><subfield code="a">Mesures de sûreté</subfield><subfield code="0">(IDREF)027798119</subfield><subfield code="2">idref</subfield></datafield><datafield ind1=" " ind2="7" tag="650"><subfield code="a">Sécurité des systèmes</subfield><subfield code="0">(IDREF)032657064</subfield><subfield code="2">idref</subfield></datafield><datafield ind1=" " ind2="7" tag="650"><subfield code="a">Systèmes d'information</subfield><subfield code="0">(IDREF)02736075X</subfield><subfield code="2">idref</subfield></datafield><datafield ind1=" " ind2="0" tag="650"><subfield code="a">Computer Communication Networks</subfield></datafield><datafield ind1=" " ind2="0" tag="650"><subfield code="a">Data encryption (Computer science)</subfield></datafield><datafield ind1=" " ind2="0" tag="650"><subfield code="a">Information storage and retrieval systems</subfield></datafield><datafield ind1=" " ind2="0" tag="650"><subfield code="a">Information Systems</subfield></datafield><datafield ind1=" " ind2="4" tag="650"><subfield code="a">Computer Communication Networks</subfield></datafield><datafield ind1=" " ind2="4" tag="650"><subfield code="a">Data Encryption</subfield></datafield><datafield ind1=" " ind2="4" tag="650"><subfield code="a">Information Storage and Retrieval</subfield></datafield><datafield ind1=" " ind2="4" tag="650"><subfield code="a">Management of Computing and Information Systems</subfield></datafield><datafield ind1=" " ind2="7" tag="650"><subfield code="a">DATENSICHERHEIT + DATENSCHUTZ (BETRIEBSSYSTEME)</subfield><subfield code="9">ger</subfield><subfield code="0">(ETHUDK)000034698</subfield><subfield code="2">ethudk</subfield></datafield><datafield ind1=" " ind2="7" tag="650"><subfield code="a">INFORMATIONSSYSTEME (INFORMATIK)</subfield><subfield code="9">ger</subfield><subfield code="0">(ETHUDK)000013729</subfield><subfield code="2">ethudk</subfield></datafield><datafield ind1=" " ind2="7" tag="650"><subfield code="a">NETZWERKÜBERWACHUNG + NETZWERKADMINISTRATION (COMPUTERSYSTEME)</subfield><subfield code="9">ger</subfield><subfield code="0">(ETHUDK)000051539</subfield><subfield code="2">ethudk</subfield></datafield><datafield ind1=" " ind2="7" tag="655"><subfield code="a">Actes de congrès</subfield><subfield code="0">(IDREF)02886431X</subfield><subfield code="2">idref</subfield></datafield><datafield ind1=" " ind2="7" tag="655"><subfield code="a">Konferenzschrift</subfield><subfield code="z">Kolkata</subfield><subfield code="y">2005</subfield><subfield code="2">gnd-content</subfield></datafield><datafield ind1="1" ind2=" " tag="700"><subfield code="a">Jajodia, Sushil</subfield><subfield code="d">1947-....</subfield><subfield code="0">(IDREF)055312551</subfield></datafield><datafield ind1="2" ind2=" " tag="711"><subfield code="a">International Conference on Information Systems Security</subfield><subfield code="0">(DE-588)1092357211</subfield></datafield><datafield ind1="2" ind2=" " tag="711"><subfield code="a">International Conference on Information Systems Security</subfield><subfield code="n">1</subfield><subfield code="d">2005</subfield><subfield code="c">Kolkata</subfield><subfield code="0">(RERO)A027349854</subfield></datafield><datafield ind1="4" ind2="2" tag="856"><subfield code="3">Table des matières</subfield><subfield code="u">http://www.loc.gov/catdir/toc/fy0610/2005936358.html</subfield></datafield><datafield ind1="4" ind2="2" tag="856"><subfield code="3">Note de l'éditeur</subfield><subfield code="u">http://www.loc.gov/catdir/enhancements/fy0663/2005936358-d.html</subfield></datafield><datafield ind1="4" ind2=" " tag="856"><subfield code="3">Abstract / Autoreninformation</subfield><subfield code="u">https://toc.library.ethz.ch/objects/pdf/000153705_e01_3540307060_02.pdf</subfield><subfield code="q">pdf</subfield></datafield><datafield ind1=" " ind2="0" tag="830"><subfield code="a">Lecture notes in computer science</subfield><subfield code="n">3000 (2004) to 4999 (2008)</subfield><subfield code="v">3803</subfield><subfield code="w">(NEBIS)004701431EBI01</subfield></datafield><datafield ind1=" " ind2="0" tag="830"><subfield code="a">Lecture notes in computer science</subfield><subfield code="v">3803</subfield><subfield code="w">(RERO)0078255-41slsp</subfield></datafield><datafield ind1=" " ind2=" " tag="900"><subfield code="a">REROnoselfmerge</subfield></datafield><datafield ind1=" " ind2=" " tag="910"><subfield code="a">LOC</subfield><subfield code="b">20180219</subfield><subfield code="c">Droits réservés</subfield></datafield><datafield ind1=" " ind2=" " tag="949"><subfield code="a">https://toc.library.ethz.ch/objects/pdf/000153705_e01_3540307060_02.pdf</subfield></datafield><datafield ind1=" " ind2=" " tag="949"><subfield code="a">http://www.loc.gov/catdir/toc/fy0610/2005936358.html</subfield></datafield><datafield ind1=" " ind2=" " tag="949"><subfield code="a">http://www.loc.gov/catdir/enhancements/fy0663/2005936358-d.html</subfield></datafield></record>
</metadata></record>