<record><header><identifier>oai:alma.41SLSP_UGE:991000026719705502</identifier><datestamp>2024-08-31T00:20:07Z</datestamp><setSpec>uge_bcen_RapidILL_BOOK</setSpec><setSpec>uge_aaca_RapidILL_BOOK</setSpec><setSpec>uge_abels_RapidILL_BOOK</setSpec><setSpec>uge_dbu_RapidILL_BOOK</setSpec><setSpec>uge_cmu_RapidILL_BOOK</setSpec><setSpec>uge_mail_RapidILL_BOOK</setSpec><setSpec>uge_abbat_RapidILL_BOOK</setSpec><setSpec>UNIGE_ALL</setSpec><setSpec>uge_acar_RapidILL_BOOK</setSpec><setSpec>uge_aobs_RapidILL_BOOK</setSpec></header><metadata>
<record xmlns="http://www.loc.gov/MARC21/slim" xmlns:xsi="http://www.w3.org/2001/XMLSchema-instance" xsi:schemaLocation="http://www.loc.gov/MARC21/slim http://www.loc.gov/standards/marcxml/schema/MARC21slim.xsd"><leader>04258ncm a2200817 c 4500</leader><controlfield tag="001">991000026719705502</controlfield><controlfield tag="005">20240830162514.0</controlfield><controlfield tag="008">201011t20182018xxu||l   ||||||nn   ita|d</controlfield><datafield ind1=" " ind2=" " tag="020"><subfield code="a">9780895798688</subfield></datafield><datafield ind1=" " ind2=" " tag="035"><subfield code="a">(swissbib)22528619X-41slsp_network</subfield></datafield><datafield ind1=" " ind2=" " tag="035"><subfield code="a">22528619X</subfield><subfield code="9">ExL</subfield></datafield><datafield ind1=" " ind2=" " tag="035"><subfield code="a">(IDSBB)006783068DSV01</subfield></datafield><datafield ind1=" " ind2=" " tag="035"><subfield code="a">(NEBIS)011144200EBI01</subfield></datafield><datafield ind1=" " ind2=" " tag="035"><subfield code="a">(RERO)R008775269-41slsp</subfield></datafield><datafield ind1=" " ind2=" " tag="035"><subfield code="a">(OCoLC)1017597793</subfield></datafield><datafield ind1=" " ind2=" " tag="035"><subfield code="a">(EXLNZ-41SLSP_NETWORK)991016338009705501</subfield></datafield><datafield ind1=" " ind2=" " tag="040"><subfield code="a">YDX</subfield><subfield code="b">ger</subfield><subfield code="e">rda</subfield><subfield code="d">CH-ZuSLS</subfield></datafield><datafield ind1="0" ind2=" " tag="041"><subfield code="a">ita</subfield><subfield code="a">eng</subfield></datafield><datafield ind1=" " ind2=" " tag="046"><subfield code="k">1656</subfield><subfield code="2">edtf</subfield></datafield><datafield ind1=" " ind2="4" tag="050"><subfield code="a">M1619</subfield><subfield code="b">.A754 2018</subfield></datafield><datafield ind1=" " ind2="4" tag="050"><subfield code="a">M2</subfield><subfield code="b">.R238 vol. 198</subfield></datafield><datafield ind1=" " ind2="7" tag="072"><subfield code="a">mu</subfield><subfield code="2">rero</subfield></datafield><datafield ind1="1" ind2="4" tag="082"><subfield code="a">780</subfield><subfield code="2">15</subfield></datafield><datafield ind1="0" ind2=" " tag="130"><subfield code="a">Arie a voce sola de diversi auttori</subfield><subfield code="0">(DE-588)1153845563</subfield></datafield><datafield ind1="1" ind2="0" tag="245"><subfield code="a">Arie a voce sola de diversi auttori (Venice, 1656)</subfield><subfield code="c">edited by Paolo Alberto Rismondo</subfield></datafield><datafield ind1=" " ind2="1" tag="264"><subfield code="a">Middleton, Wisconsin</subfield><subfield code="b">A-R Editions, Inc.</subfield><subfield code="c">[2018]</subfield></datafield><datafield ind1=" " ind2="4" tag="264"><subfield code="c">© 2018</subfield></datafield><datafield ind1=" " ind2=" " tag="300"><subfield code="a">1 Partitur (xxxii, 69 Seiten)</subfield><subfield code="b">1 Faksimile</subfield><subfield code="c">31 cm</subfield></datafield><datafield ind1=" " ind2=" " tag="336"><subfield code="b">ntm</subfield><subfield code="2">rdacontent</subfield></datafield><datafield ind1=" " ind2=" " tag="337"><subfield code="b">n</subfield><subfield code="2">rdamedia</subfield></datafield><datafield ind1=" " ind2=" " tag="338"><subfield code="b">nc</subfield><subfield code="2">rdacarrier</subfield></datafield><datafield ind1=" " ind2=" " tag="348"><subfield code="a">Partitur</subfield><subfield code="2">gnd-music</subfield></datafield><datafield ind1=" " ind2=" " tag="348"><subfield code="a">partition</subfield><subfield code="2">gnd-music/fre</subfield></datafield><datafield ind1=" " ind2=" " tag="348"><subfield code="a">partitura</subfield><subfield code="2">gnd-music/ita</subfield></datafield><datafield ind1=" " ind2=" " tag="382"><subfield code="a">Singstimme</subfield><subfield code="n">1</subfield><subfield code="a">Basso continuo</subfield><subfield code="n">1</subfield><subfield code="2">idsmusi</subfield></datafield><datafield ind1="0" ind2="1" tag="382"><subfield code="a">singer</subfield><subfield code="n">1</subfield><subfield code="a">continuo</subfield><subfield code="2">lcmpt</subfield></datafield><datafield ind1="0" ind2="1" tag="382"><subfield code="a">singer</subfield><subfield code="n">1</subfield><subfield code="a">guitar</subfield><subfield code="n">1</subfield><subfield code="s">2</subfield><subfield code="2">lcmpt</subfield></datafield><datafield ind1="1" ind2=" " tag="490"><subfield code="a">Recent researches in the music of the Baroque era</subfield><subfield code="v">198</subfield></datafield><datafield ind1=" " ind2=" " tag="500"><subfield code="a">For voice and continuo (possibly guitar) ; partially figured bass unrealized</subfield></datafield><datafield ind1=" " ind2=" " tag="500"><subfield code="a">Edited from the first edition, compiled by Francesco Tonalli, published by Alessandro Vincenti; copy in the British Library (Music Collection K.4.d. 18)</subfield></datafield><datafield ind1=" " ind2=" " tag="500"><subfield code="a">Includes introduction and critical report</subfield></datafield><datafield ind1=" " ind2=" " tag="504"><subfield code="a">Includes bibliographical references</subfield></datafield><datafield ind1="0" ind2="0" tag="505"><subfield code="t">Risolvetevi pensieri</subfield><subfield code="t">Chi brama in amore</subfield><subfield code="r">Barbara Strozzi --</subfield><subfield code="t">È rimedio al mal d'amore</subfield><subfield code="t">Pazzi amanti</subfield><subfield code="r">Francesco Cavalli --</subfield><subfield code="t">Lungi da te, mio bene</subfield><subfield code="t">Io mi ricordo un dì</subfield><subfield code="t">Vedo Amor che son tuo schiavo</subfield><subfield code="t">Quella crudel che adoro</subfield><subfield code="r">Orazio Tarditi --</subfield><subfield code="t">Mi serpe nel petto</subfield><subfield code="t">Volgete il guardo</subfield><subfield code="r">Maurizio Cazzati --</subfield><subfield code="t">Preziose catene</subfield><subfield code="t">Sorga l'alba o mora il dì</subfield><subfield code="r">Pietro Andrea Ziani --</subfield><subfield code="t">Ben accorta, ben sagace</subfield><subfield code="t">V'ingannate, o pensieri</subfield><subfield code="r">Giovanni Battista Chinelli --</subfield><subfield code="t">Ch'io ti creda, oh questo no</subfield><subfield code="t">Cor mio, non ti turbare</subfield><subfield code="t">Ogni amante ha per usanza</subfield><subfield code="t">Troppo grande è il tormento</subfield><subfield code="r">Francesco Lucio --</subfield><subfield code="t">Or che il mio ben non m'ama</subfield><subfield code="r">Luigi Pozzi --</subfield><subfield code="t">Se dico &quot;Lilla, m'ami&quot;</subfield><subfield code="t">Sì, ch'io moro</subfield><subfield code="r">Giovanni Battista Agnelletti</subfield></datafield><datafield ind1=" " ind2=" " tag="546"><subfield code="a">Italian words, also printed as texts with English translations on pages xxiv-xxxii</subfield></datafield><datafield ind1=" " ind2="7" tag="650"><subfield code="a">Songs with continuo</subfield><subfield code="2">fast</subfield></datafield><datafield ind1=" " ind2="7" tag="650"><subfield code="a">Songs with guitar</subfield><subfield code="2">fast</subfield></datafield><datafield ind1=" " ind2="0" tag="650"><subfield code="a">Songs with continuo</subfield></datafield><datafield ind1=" " ind2="0" tag="650"><subfield code="a">Songs with guitar</subfield></datafield><datafield ind1=" " ind2="0" tag="650"><subfield code="a">Songs</subfield><subfield code="z">Italy</subfield><subfield code="y">17th century</subfield></datafield><datafield ind1=" " ind2="7" tag="655"><subfield code="a">Arie</subfield><subfield code="y">17. Jh.</subfield><subfield code="2">idsmusg</subfield></datafield><datafield ind1=" " ind2="7" tag="655"><subfield code="a">Scores</subfield><subfield code="2">fast</subfield></datafield><datafield ind1=" " ind2="7" tag="655"><subfield code="a">Songs</subfield><subfield code="2">fast</subfield></datafield><datafield ind1=" " ind2="7" tag="655"><subfield code="a">Songs</subfield><subfield code="2">lcgft</subfield></datafield><datafield ind1=" " ind2="7" tag="655"><subfield code="a">Chamber music</subfield><subfield code="2">lcgft</subfield></datafield><datafield ind1=" " ind2="7" tag="655"><subfield code="a">Scores</subfield><subfield code="2">lcgft</subfield></datafield><datafield ind1=" " ind2=" " tag="690"><subfield code="a">Arie</subfield><subfield code="q">Singstimme, Basso continuo</subfield><subfield code="t">17. Jh.</subfield><subfield code="v">Noten</subfield><subfield code="2">ids-music</subfield></datafield><datafield ind1="1" ind2="2" tag="700"><subfield code="a">Strozzi, Barbara</subfield><subfield code="d">1619-1677</subfield><subfield code="t">Arietten</subfield><subfield code="n">op. 6</subfield><subfield code="p">Risolvetevi pensieri</subfield><subfield code="0">(DE-588)1153844788</subfield></datafield><datafield ind1="1" ind2=" " tag="700"><subfield code="a">Strozzi, Barbara</subfield><subfield code="d">1619-1677</subfield><subfield code="0">(DE-588)119181045</subfield><subfield code="e">Komponist</subfield><subfield code="4">cmp</subfield></datafield><datafield ind1="1" ind2=" " tag="700"><subfield code="a">Cavalli, Francesco</subfield><subfield code="d">1602-1676</subfield><subfield code="0">(DE-588)119496550</subfield><subfield code="e">Komponist</subfield><subfield code="4">cmp</subfield></datafield><datafield ind1="1" ind2=" " tag="700"><subfield code="a">Tarditi, Orazio</subfield><subfield code="d">1602-1677</subfield><subfield code="0">(DE-588)103831738</subfield><subfield code="e">Komponist</subfield><subfield code="4">cmp</subfield></datafield><datafield ind1="1" ind2=" " tag="700"><subfield code="a">Cazzati, Maurizio</subfield><subfield code="d">1616-1678</subfield><subfield code="0">(DE-588)118918842</subfield><subfield code="e">Komponist</subfield><subfield code="4">cmp</subfield></datafield><datafield ind1="1" ind2=" " tag="700"><subfield code="a">Ziani, Pietro Andrea</subfield><subfield code="d">1616-1684</subfield><subfield code="0">(DE-588)118204629</subfield><subfield code="e">Komponist</subfield><subfield code="4">cmp</subfield></datafield><datafield ind1="1" ind2=" " tag="700"><subfield code="a">Chinelli, Giovanni Battista</subfield><subfield code="d">1610-1677</subfield><subfield code="0">(DE-588)104311525</subfield><subfield code="e">Komponist</subfield><subfield code="4">cmp</subfield></datafield><datafield ind1="1" ind2=" " tag="700"><subfield code="a">Lucio, Francesco</subfield><subfield code="d">1628-1658</subfield><subfield code="0">(DE-588)102014968X</subfield><subfield code="e">Komponist</subfield><subfield code="4">cmp</subfield></datafield><datafield ind1="1" ind2=" " tag="700"><subfield code="a">Pozzi, Luigi</subfield><subfield code="0">(DE-588)1089819803</subfield><subfield code="e">Komponist</subfield><subfield code="4">cmp</subfield></datafield><datafield ind1="1" ind2=" " tag="700"><subfield code="a">Agneletti, Giovanni Battista</subfield><subfield code="0">(DE-588)1153372231</subfield><subfield code="e">Komponist</subfield><subfield code="4">cmp</subfield></datafield><datafield ind1="1" ind2=" " tag="700"><subfield code="a">Tonalli, Francesco</subfield><subfield code="0">(DE-588)1153843617</subfield><subfield code="e">Zusammenstellender</subfield><subfield code="4">com</subfield></datafield><datafield ind1="1" ind2=" " tag="700"><subfield code="a">Rismondo, Paolo Alberto</subfield><subfield code="0">(DE-588)1065633963</subfield><subfield code="e">Herausgeber</subfield><subfield code="4">edt</subfield><subfield code="6">880-12</subfield></datafield><datafield ind1="1" ind2=" " tag="880"><subfield code="6">700-12</subfield><subfield code="a">Rismondo, Paolo Alberto</subfield><subfield code="d">19..-....</subfield><subfield code="0">(IDREF)250618451</subfield></datafield><datafield ind1=" " ind2=" " tag="830"><subfield code="a">Recent researches in the music of the baroque era</subfield><subfield code="v">198</subfield><subfield code="w">(NEBIS)000988938EBI01</subfield></datafield><datafield ind1=" " ind2=" " tag="900"><subfield code="a">IDSDSStoppsignal FRED</subfield></datafield><datafield ind1=" " ind2=" " tag="900"><subfield code="a">REROnoselfmerge</subfield></datafield></record>
</metadata></record>