<record><header><identifier>oai:alma.41SLSP_UGE:991000026739705502</identifier><datestamp>2023-03-29T00:19:23Z</datestamp><setSpec>uge_bcen_RapidILL_BOOK</setSpec><setSpec>uge_aaca_RapidILL_BOOK</setSpec><setSpec>uge_abels_RapidILL_BOOK</setSpec><setSpec>uge_dbu_RapidILL_BOOK</setSpec><setSpec>uge_cmu_RapidILL_BOOK</setSpec><setSpec>uge_mail_RapidILL_BOOK</setSpec><setSpec>uge_abbat_RapidILL_BOOK</setSpec><setSpec>UNIGE_ALL</setSpec><setSpec>uge_acar_RapidILL_BOOK</setSpec><setSpec>uge_aobs_RapidILL_BOOK</setSpec></header><metadata>
<record xmlns="http://www.loc.gov/MARC21/slim" xmlns:xsi="http://www.w3.org/2001/XMLSchema-instance" xsi:schemaLocation="http://www.loc.gov/MARC21/slim http://www.loc.gov/standards/marcxml/schema/MARC21slim.xsd"><leader>03602nam a2200601 c 4500</leader><controlfield tag="001">991000026739705502</controlfield><controlfield tag="005">20230328215926.0</controlfield><controlfield tag="008">201011s2018    xxk      |||| 000 0 eng|d</controlfield><datafield ind1=" " ind2=" " tag="020"><subfield code="a">1138061786</subfield></datafield><datafield ind1=" " ind2=" " tag="020"><subfield code="a">1138061816</subfield></datafield><datafield ind1=" " ind2=" " tag="020"><subfield code="a">9781138061811</subfield><subfield code="q">pbk</subfield></datafield><datafield ind1=" " ind2=" " tag="020"><subfield code="z">9781315162072</subfield><subfield code="q">ebk</subfield></datafield><datafield ind1=" " ind2=" " tag="020"><subfield code="a">9781138061781</subfield><subfield code="c">£ 110.-</subfield></datafield><datafield ind1=" " ind2=" " tag="035"><subfield code="a">(swissbib)212382551-41slsp_network</subfield></datafield><datafield ind1=" " ind2=" " tag="035"><subfield code="a">212382551</subfield><subfield code="9">ExL</subfield></datafield><datafield ind1=" " ind2=" " tag="035"><subfield code="a">(IDSBB)006737013DSV01</subfield></datafield><datafield ind1=" " ind2=" " tag="035"><subfield code="a">(NEBIS)010935852EBI01</subfield></datafield><datafield ind1=" " ind2=" " tag="035"><subfield code="a">(RERO)R008811069-41slsp</subfield></datafield><datafield ind1=" " ind2=" " tag="035"><subfield code="a">(EXLNZ-41SLSP_NETWORK)991161026979705501</subfield></datafield><datafield ind1=" " ind2=" " tag="040"><subfield code="a">ERASA</subfield><subfield code="b">ger</subfield><subfield code="e">rda</subfield><subfield code="d">CH-ZuSLS</subfield></datafield><datafield ind1=" " ind2="7" tag="072"><subfield code="a">ba</subfield><subfield code="2">rero</subfield></datafield><datafield ind1="1" ind2=" " tag="080"><subfield code="a">7.011.2</subfield></datafield><datafield ind1="0" ind2="0" tag="082"><subfield code="a">700/.4522</subfield><subfield code="2">23</subfield></datafield><datafield ind1="0" ind2="4" tag="082"><subfield code="a">700.411</subfield></datafield><datafield ind1="1" ind2="4" tag="082"><subfield code="a">700</subfield><subfield code="2">15</subfield></datafield><datafield ind1=" " ind2=" " tag="084"><subfield code="a">LH 60250</subfield><subfield code="2">rvk</subfield></datafield><datafield ind1="0" ind2="0" tag="245"><subfield code="a">Feminist perspectives on art</subfield><subfield code="b">contemporary outtakes</subfield><subfield code="c">edited by Jacqueline Millner and Catriona Moore</subfield></datafield><datafield ind1=" " ind2="1" tag="264"><subfield code="a">London</subfield><subfield code="a">New York</subfield><subfield code="b">Routledge</subfield><subfield code="c">2018</subfield></datafield><datafield ind1=" " ind2=" " tag="300"><subfield code="a">xiii, 195 p.</subfield><subfield code="b">ill. en noir et en coul.</subfield><subfield code="c">24 cm</subfield></datafield><datafield ind1=" " ind2=" " tag="336"><subfield code="b">txt</subfield><subfield code="2">rdacontent</subfield></datafield><datafield ind1=" " ind2=" " tag="337"><subfield code="b">n</subfield><subfield code="2">rdamedia</subfield></datafield><datafield ind1=" " ind2=" " tag="338"><subfield code="b">nc</subfield><subfield code="2">rdacarrier</subfield></datafield><datafield ind1="0" ind2=" " tag="505"><subfield code="a">Jacqueline Millner et Catriona Moore: Introduction. - Jo Holder et Catriona Moore: A feminist curator walks into a gallery... - Julie Ewington: The value of maturity : Anne Ferran, Judith Wright, Lindy Lee. - Una Rey: Women in the cross-cultural studio : invisible tracks in the indigenous artist's archive. - Linette Riley, Catriona Moore et Jo Holder: The Pearl Gibbs &quot;Gambanyi&quot; kangaroo cloak. - Brenda L. Croft: Still in my mind : Gurindji location, experience and visuality. - Bianca Hester et Jacqueline Millner: The practice of remaining perpetually contingent. - Daniel Mudie Cunningham: Curating grief. - Sylvia Griffin: The intimate monument : memorialising from a feminist perspective. - Elizabeth Gertsakis: Florina prefecture : women in the shadow of &quot;The magnificent empire&quot; 1900-1922 and 2017 : a feminist interpretation of greek-australian identity as explored in contemporary art. - Jacqueline Millner: Feeling seeing : image, sound and touch in the video installations of Angelica Mesiti. - Caroline Phillips: Materialising the interval : relationality as a feminist art practice. - Jane Polkinghorne: Heave, ho, ha : disgust, humour and failure in contemporary feminist art. - Robert Nelson: Slim evidence of fat fortunes : towards a gendered history of fat acceptance</subfield></datafield><datafield ind1=" " ind2="7" tag="650"><subfield code="a">Feminismus</subfield><subfield code="0">(DE-588)4222126-2</subfield><subfield code="2">gnd</subfield></datafield><datafield ind1=" " ind2="7" tag="650"><subfield code="a">Kunst</subfield><subfield code="0">(DE-588)4114333-4</subfield><subfield code="2">gnd</subfield></datafield><datafield ind1=" " ind2="0" tag="650"><subfield code="a">Art, Modern</subfield><subfield code="y">21st century</subfield><subfield code="x">Themes, motives</subfield></datafield><datafield ind1=" " ind2="0" tag="650"><subfield code="a">Feminism and art</subfield></datafield><datafield ind1=" " ind2="7" tag="650"><subfield code="a">Frauenkunst</subfield><subfield code="0">(DE-588)4370467-0</subfield><subfield code="2">gnd</subfield></datafield><datafield ind1=" " ind2="7" tag="650"><subfield code="a">Artistes</subfield><subfield code="0">(IDREF)027280721</subfield><subfield code="2">idref</subfield></datafield><datafield ind1=" " ind2="7" tag="650"><subfield code="a">Féministes</subfield><subfield code="0">(IDREF)027225747</subfield><subfield code="2">idref</subfield></datafield><datafield ind1=" " ind2="7" tag="650"><subfield code="a">Arts</subfield><subfield code="0">(IDREF)027280756</subfield><subfield code="2">idref</subfield></datafield><datafield ind1=" " ind2="7" tag="650"><subfield code="a">Critique d'art</subfield><subfield code="0">(IDREF)027231194</subfield><subfield code="2">idref</subfield></datafield><datafield ind1=" " ind2="7" tag="650"><subfield code="a">20e siècle (fin)-21e siècle (début)</subfield><subfield code="0">(RERO)A022450347</subfield><subfield code="2">rero</subfield></datafield><datafield ind1=" " ind2="7" tag="655"><subfield code="a">Aufsatzsammlung</subfield><subfield code="2">gnd-content</subfield></datafield><datafield ind1=" " ind2="7" tag="655"><subfield code="a">[Études diverses]</subfield><subfield code="0">(RERO)A022249905</subfield><subfield code="2">rero</subfield></datafield><datafield ind1="1" ind2=" " tag="700"><subfield code="a">Moore, Catriona</subfield><subfield code="d">19XX-</subfield><subfield code="0">(DE-588)188472541</subfield><subfield code="e">Herausgeber</subfield><subfield code="4">edt</subfield><subfield code="6">880-02</subfield></datafield><datafield ind1="1" ind2=" " tag="880"><subfield code="6">700-02</subfield><subfield code="a">Moore, Catriona</subfield><subfield code="d">19..-....</subfield><subfield code="0">(IDREF)231067828</subfield><subfield code="4">edt</subfield></datafield><datafield ind1="1" ind2=" " tag="700"><subfield code="a">Millner, Jacqueline</subfield><subfield code="d">19XX-</subfield><subfield code="0">(DE-588)188472509</subfield><subfield code="e">Herausgeber</subfield><subfield code="4">edt</subfield><subfield code="6">880-03</subfield></datafield><datafield ind1="1" ind2=" " tag="880"><subfield code="6">700-03</subfield><subfield code="a">Millner, Jacqueline</subfield><subfield code="0">(IDREF)187892792</subfield><subfield code="4">edt</subfield></datafield><datafield ind1="4" ind2=" " tag="856"><subfield code="3">Titelblatt und Inhaltsverzeichnis</subfield><subfield code="u">https://toc.library.ethz.ch/objects/pdf03/z01_978-1-138-06178-1_01.pdf</subfield><subfield code="q">pdf</subfield></datafield><datafield ind1=" " ind2=" " tag="900"><subfield code="a">IDSDSStoppsignal FRED</subfield></datafield><datafield ind1=" " ind2=" " tag="900"><subfield code="a">IDSZ2zbzmon201805f</subfield><subfield code="c">IDSZ2wuet</subfield></datafield><datafield ind1=" " ind2=" " tag="900"><subfield code="a">REROnoselfmerge</subfield></datafield><datafield ind1=" " ind2=" " tag="949"><subfield code="a">https://toc.library.ethz.ch/objects/pdf03/z01_978-1-138-06178-1_01.pdf</subfield></datafield><datafield ind1=" " ind2=" " tag="993"><subfield code="a">BFLA 284725</subfield><subfield code="x">ge/ulha/a/18/0803</subfield><subfield code="9">LOCAL</subfield></datafield></record>
</metadata></record>