<record><header><identifier>oai:alma.41SLSP_UGE:991000026949705502</identifier><datestamp>2024-05-28T00:07:35Z</datestamp><setSpec>uge_bcen_RapidILL_BOOK</setSpec><setSpec>uge_aaca_RapidILL_BOOK</setSpec><setSpec>uge_abels_RapidILL_BOOK</setSpec><setSpec>uge_dbu_RapidILL_BOOK</setSpec><setSpec>uge_cmu_RapidILL_BOOK</setSpec><setSpec>uge_mail_RapidILL_BOOK</setSpec><setSpec>uge_abbat_RapidILL_BOOK</setSpec><setSpec>UNIGE_ALL</setSpec><setSpec>uge_aobs_RapidILL_BOOK</setSpec><setSpec>uge_acar_RapidILL_BOOK</setSpec></header><metadata>
<record xmlns="http://www.loc.gov/MARC21/slim" xmlns:xsi="http://www.w3.org/2001/XMLSchema-instance" xsi:schemaLocation="http://www.loc.gov/MARC21/slim http://www.loc.gov/standards/marcxml/schema/MARC21slim.xsd"><leader>01669nam a2200457uca4500</leader><controlfield tag="001">991000026949705502</controlfield><controlfield tag="005">20240527171153.0</controlfield><controlfield tag="008">201012s1980    au            00| | ger d</controlfield><datafield ind1=" " ind2=" " tag="020"><subfield code="a">3700102178</subfield></datafield><datafield ind1=" " ind2=" " tag="035"><subfield code="a">(swissbib)233593608-41slsp_network</subfield></datafield><datafield ind1=" " ind2=" " tag="035"><subfield code="a">233593608</subfield><subfield code="9">ExL</subfield></datafield><datafield ind1=" " ind2=" " tag="035"><subfield code="a">(IDSLU)000208381ILU01</subfield></datafield><datafield ind1=" " ind2=" " tag="035"><subfield code="a">(IDSBB)000334984DSV01</subfield></datafield><datafield ind1=" " ind2=" " tag="035"><subfield code="a">(NEBIS)005094517EBI01</subfield></datafield><datafield ind1=" " ind2=" " tag="035"><subfield code="a">(RERO)1810875-41slsp</subfield></datafield><datafield ind1=" " ind2=" " tag="035"><subfield code="a">(EXLNZ-41SLSP_NETWORK)991029618759705501</subfield></datafield><datafield ind1=" " ind2=" " tag="040"><subfield code="a">IDS BS/BE A100</subfield><subfield code="e">kids</subfield><subfield code="d">CH-ZuSLS</subfield></datafield><datafield ind1=" " ind2="7" tag="072"><subfield code="a">630</subfield><subfield code="2">IDS LU</subfield></datafield><datafield ind1=" " ind2="7" tag="072"><subfield code="a">ng</subfield><subfield code="2">SzZuIDS BS/BE</subfield></datafield><datafield ind1=" " ind2="7" tag="072"><subfield code="a">et</subfield><subfield code="2">rero</subfield></datafield><datafield ind1=" " ind2="7" tag="072"><subfield code="a">ht</subfield><subfield code="2">rero</subfield></datafield><datafield ind1="1" ind2="4" tag="082"><subfield code="a">900</subfield><subfield code="2">15</subfield></datafield><datafield ind1=" " ind2=" " tag="084"><subfield code="a">NN 1350</subfield><subfield code="2">rvk</subfield></datafield><datafield ind1=" " ind2=" " tag="084"><subfield code="a">NP 5900</subfield><subfield code="2">rvk</subfield></datafield><datafield ind1="0" ind2="0" tag="245"><subfield code="a">&lt;&lt;Die&gt;&gt; Völker des Reiches</subfield></datafield><datafield ind1=" " ind2="1" tag="264"><subfield code="a">Wien</subfield><subfield code="b">Verl. der Österreichischen Akademie der Wissenschaften</subfield><subfield code="c">1980</subfield></datafield><datafield ind1=" " ind2=" " tag="300"><subfield code="a">2 Bände (XVIII, 774 S., XII S., S. 775-1471)</subfield><subfield code="c">25 cm</subfield><subfield code="e">1 gefaltete Karte + 1 Faszikel</subfield></datafield><datafield ind1=" " ind2=" " tag="336"><subfield code="b">txt</subfield><subfield code="2">rdacontent</subfield></datafield><datafield ind1=" " ind2=" " tag="337"><subfield code="b">n</subfield><subfield code="2">rdamedia</subfield></datafield><datafield ind1=" " ind2=" " tag="338"><subfield code="b">nc</subfield><subfield code="2">rdacarrier</subfield></datafield><datafield ind1="1" ind2=" " tag="490"><subfield code="a">Die Habsburgermonarchie 1848-1918</subfield><subfield code="v">Bd. 3</subfield></datafield><datafield ind1="0" ind2="7" tag="600"><subfield code="a">Habsbourg</subfield><subfield code="c">(dynastie)</subfield><subfield code="0">(RERO)A009995777</subfield><subfield code="2">rero</subfield></datafield><datafield ind1=" " ind2="7" tag="650"><subfield code="a">Population</subfield><subfield code="0">(IDREF)027546071</subfield><subfield code="2">idref</subfield></datafield><datafield ind1=" " ind2="7" tag="650"><subfield code="a">1848-1918</subfield><subfield code="2">rero</subfield></datafield><datafield ind1=" " ind2="7" tag="651"><subfield code="a">Autriche-Hongrie</subfield><subfield code="0">(IDREF)032861621</subfield><subfield code="2">idref</subfield></datafield><datafield ind1=" " ind2="7" tag="651"><subfield code="a">Autriche</subfield><subfield code="0">(IDREF)027229246</subfield><subfield code="2">idref</subfield></datafield><datafield ind1=" " ind2=" " tag="690"><subfield code="a">Bevölkerung. Oesterreich. Geschichte. 19/20. Jh. 1848/1918. A.D.</subfield><subfield code="2">rzs-L1</subfield></datafield><datafield ind1=" " ind2="0" tag="830"><subfield code="a">&lt;&lt;Die&gt;&gt; Habsburgermonarchie, 1848-1918</subfield><subfield code="v">3</subfield><subfield code="w">(IDSBB)000015654DSV01</subfield></datafield><datafield ind1=" " ind2="0" tag="830"><subfield code="a">&lt;&lt;Die&gt;&gt; Habsburgermonarchie 1848-1918</subfield><subfield code="v">3</subfield><subfield code="w">(IDSLU)000208369ILU01</subfield></datafield><datafield ind1=" " ind2="0" tag="830"><subfield code="a">&lt;&lt;Die&gt;&gt; Habsburgermonarchie 1848-1918</subfield><subfield code="v">3</subfield><subfield code="w">(RERO)1810816-41slsp</subfield></datafield><datafield ind1=" " ind2=" " tag="900"><subfield code="a">IDSZ2MedeaOEG</subfield></datafield><datafield ind1=" " ind2=" " tag="900"><subfield code="a">REROnoselfmerge</subfield></datafield><datafield ind1=" " ind2=" " tag="961"><subfield code="2">gsi</subfield><subfield code="a">943.9</subfield><subfield code="9">LOCAL</subfield></datafield><datafield ind1=" " ind2=" " tag="961"><subfield code="2">gsi</subfield><subfield code="a">943.6</subfield><subfield code="9">LOCAL</subfield></datafield></record>
</metadata></record>