<record><header><identifier>oai:alma.41SLSP_UGE:991000027049705502</identifier><datestamp>2023-03-01T01:08:55Z</datestamp><setSpec>uge_bcen_RapidILL_BOOK</setSpec><setSpec>uge_aaca_RapidILL_BOOK</setSpec><setSpec>uge_abels_RapidILL_BOOK</setSpec><setSpec>uge_dbu_RapidILL_BOOK</setSpec><setSpec>uge_cmu_RapidILL_BOOK</setSpec><setSpec>uge_mail_RapidILL_BOOK</setSpec><setSpec>UNIGE_ALL</setSpec><setSpec>uge_abbat_RapidILL_BOOK</setSpec><setSpec>uge_aobs_RapidILL_BOOK</setSpec><setSpec>uge_acar_RapidILL_BOOK</setSpec></header><metadata>
<record xmlns="http://www.loc.gov/MARC21/slim" xmlns:xsi="http://www.w3.org/2001/XMLSchema-instance" xsi:schemaLocation="http://www.loc.gov/MARC21/slim http://www.loc.gov/standards/marcxml/schema/MARC21slim.xsd"><leader>01390nam a2200337 c 4500</leader><controlfield tag="001">991000027049705502</controlfield><controlfield tag="005">20201231135724.0</controlfield><controlfield tag="008">201011s1962    au ||||| |||| 10| ||eng d</controlfield><datafield ind1=" " ind2=" " tag="019"><subfield code="a">SPI Retro 821070</subfield></datafield><datafield ind1="7" ind2=" " tag="024"><subfield code="a">http://catalogue.bnf.fr/ark:/12148/cb32899016f</subfield><subfield code="2">uri</subfield></datafield><datafield ind1=" " ind2=" " tag="035"><subfield code="a">(swissbib)231220189-41slsp_network</subfield></datafield><datafield ind1=" " ind2=" " tag="035"><subfield code="a">231220189</subfield><subfield code="9">ExL</subfield></datafield><datafield ind1=" " ind2=" " tag="035"><subfield code="a">(RERO)R254615960-41slsp</subfield></datafield><datafield ind1=" " ind2=" " tag="035"><subfield code="a">(NEBIS)004454090EBI01</subfield></datafield><datafield ind1=" " ind2=" " tag="035"><subfield code="a">(EXLNZ-41SLSP_NETWORK)991149376039705501</subfield></datafield><datafield ind1=" " ind2=" " tag="040"><subfield code="a">RERO gevbpu</subfield><subfield code="d">CH-ZuSLS</subfield></datafield><datafield ind1=" " ind2="7" tag="072"><subfield code="a">py</subfield><subfield code="2">rero</subfield></datafield><datafield ind1="0" ind2="0" tag="245"><subfield code="a">Symposium on power reactor experiments</subfield><subfield code="b">Vienna, 23-27 October 1961</subfield><subfield code="c">International Atomic Energy Agency</subfield></datafield><datafield ind1=" " ind2="1" tag="264"><subfield code="a">Vienna</subfield><subfield code="b">IAEA</subfield><subfield code="c">1962</subfield></datafield><datafield ind1=" " ind2=" " tag="300"><subfield code="a">2 vol. (402, 285 p.)</subfield><subfield code="b">ill.</subfield><subfield code="c">30 cm</subfield></datafield><datafield ind1=" " ind2=" " tag="336"><subfield code="b">txt</subfield><subfield code="2">rdacontent</subfield></datafield><datafield ind1=" " ind2=" " tag="337"><subfield code="b">n</subfield><subfield code="2">rdamedia</subfield></datafield><datafield ind1=" " ind2=" " tag="338"><subfield code="b">nc</subfield><subfield code="2">rdacarrier</subfield></datafield><datafield ind1="0" ind2=" " tag="490"><subfield code="a">Proceedings Series / International Atomic Energy Agency</subfield></datafield><datafield ind1="1" ind2=" " tag="490"><subfield code="a">STI PUB</subfield><subfield code="v">51</subfield></datafield><datafield ind1=" " ind2=" " tag="500"><subfield code="a">International Atomic Energy Agency, STI/PUB/51. - Avec résumé anglais, français, russe, allemand. - La couv. porte : Power reactor experiments. proceedings of a symposium</subfield></datafield><datafield ind1=" " ind2="7" tag="655"><subfield code="a">Konferenzschrift</subfield><subfield code="z">Vienna</subfield><subfield code="y">1961</subfield><subfield code="2">gnd-content</subfield></datafield><datafield ind1="2" ind2=" " tag="710"><subfield code="a">Agence internationale de l'énergie atomique</subfield><subfield code="0">(RERO)A000004170</subfield></datafield><datafield ind1="2" ind2=" " tag="711"><subfield code="a">Symposium on power reactor experiments</subfield><subfield code="d">1961</subfield><subfield code="c">Vienna</subfield><subfield code="0">(RERO)A012442782</subfield></datafield><datafield ind1=" " ind2=" " tag="830"><subfield code="a">Publication</subfield><subfield code="v">51</subfield><subfield code="w">(NEBIS)004920819EBI01</subfield></datafield><datafield ind1=" " ind2=" " tag="900"><subfield code="a">REROnoselfmerge</subfield></datafield><datafield ind1=" " ind2=" " tag="900"><subfield code="a">IDSERSPIGWMe</subfield></datafield></record>
</metadata></record>