<record><header><identifier>oai:alma.41SLSP_UGE:991000027259705502</identifier><datestamp>2023-07-19T00:19:06Z</datestamp><setSpec>uge_bcen_RapidILL_BOOK</setSpec><setSpec>uge_aaca_RapidILL_BOOK</setSpec><setSpec>uge_abels_RapidILL_BOOK</setSpec><setSpec>uge_dbu_RapidILL_BOOK</setSpec><setSpec>uge_cmu_RapidILL_BOOK</setSpec><setSpec>uge_mail_RapidILL_BOOK</setSpec><setSpec>uge_abbat_RapidILL_BOOK</setSpec><setSpec>UNIGE_ALL</setSpec><setSpec>uge_aobs_RapidILL_BOOK</setSpec><setSpec>uge_acar_RapidILL_BOOK</setSpec></header><metadata>
<record xmlns="http://www.loc.gov/MARC21/slim" xmlns:xsi="http://www.w3.org/2001/XMLSchema-instance" xsi:schemaLocation="http://www.loc.gov/MARC21/slim http://www.loc.gov/standards/marcxml/schema/MARC21slim.xsd"><leader>01225nam a2200301 c 4500</leader><controlfield tag="001">991000027259705502</controlfield><controlfield tag="005">20230718165940.0</controlfield><controlfield tag="008">981007s1998    sz ||||| |||| 00| ||ger d</controlfield><datafield ind1=" " ind2=" " tag="035"><subfield code="a">(swissbib)093706456-41slsp_network</subfield></datafield><datafield ind1=" " ind2=" " tag="035"><subfield code="a">093706456</subfield><subfield code="9">ExL</subfield></datafield><datafield ind1=" " ind2=" " tag="035"><subfield code="a">(RERO)R237268160-41slsp</subfield></datafield><datafield ind1=" " ind2=" " tag="035"><subfield code="a">(EXLNZ-41SLSP_NETWORK)991099629569705501</subfield></datafield><datafield ind1=" " ind2=" " tag="040"><subfield code="a">RERO geubfd</subfield><subfield code="d">CH-ZuSLS</subfield></datafield><datafield ind1="1" ind2=" " tag="041"><subfield code="a">ger</subfield><subfield code="h">fre</subfield></datafield><datafield ind1=" " ind2=" " tag="044"><subfield code="a">sz</subfield><subfield code="c">ch-ge</subfield></datafield><datafield ind1=" " ind2="7" tag="072"><subfield code="a">dr</subfield><subfield code="2">rero</subfield></datafield><datafield ind1=" " ind2=" " tag="084"><subfield code="a">CA/CH 38.3 i</subfield><subfield code="2">cjurrom</subfield></datafield><datafield ind1="1" ind2=" " tag="100"><subfield code="a">Cossali Sauvain, Monique</subfield><subfield code="0">(IDREF)25691589X</subfield><subfield code="4">cre</subfield></datafield><datafield ind1="1" ind2="0" tag="245"><subfield code="a">Gleichstellung von Frau und Mann</subfield><subfield code="c">von Monique Cossali Sauvain ; [Übers. H. Dubler-Nüss].</subfield><subfield code="n">2</subfield><subfield code="p">Bundesgesetz vom 24. März 1995</subfield></datafield><datafield ind1=" " ind2="1" tag="264"><subfield code="a">Genève</subfield><subfield code="b">Schweiz. juristische Kartothek</subfield><subfield code="c">[1998]</subfield></datafield><datafield ind1=" " ind2=" " tag="300"><subfield code="a">1 Karte (25 S.)</subfield><subfield code="c">25 cm</subfield></datafield><datafield ind1="1" ind2=" " tag="490"><subfield code="a">Schweiz. juristische Kartothek</subfield><subfield code="v">545</subfield></datafield><datafield ind1=" " ind2="7" tag="650"><subfield code="a">Égalité des sexes</subfield><subfield code="0">(IDREF)035268867</subfield><subfield code="2">idref</subfield></datafield><datafield ind1=" " ind2="7" tag="650"><subfield code="a">Droit</subfield><subfield code="0">(IDREF)027466868</subfield><subfield code="2">idref</subfield></datafield><datafield ind1=" " ind2="7" tag="651"><subfield code="a">Suisse</subfield><subfield code="0">(IDREF)027249654</subfield><subfield code="2">idref</subfield></datafield><datafield ind1="1" ind2=" " tag="700"><subfield code="a">Dubler-Nüss, Hedwig</subfield><subfield code="0">(IDREF)080088139</subfield></datafield><datafield ind1="1" ind2=" " tag="800"><subfield code="a">Cossali Sauvain, Monique</subfield><subfield code="t">Gleichstellung von Frau und Mann</subfield><subfield code="v">2</subfield><subfield code="w">(RERO)R237257560-41slsp</subfield></datafield><datafield ind1=" " ind2=" " tag="830"><subfield code="a">Schweizerische juristische Kartothek</subfield><subfield code="v">545</subfield><subfield code="w">(RERO)1106628-41slsp</subfield></datafield><datafield ind1=" " ind2=" " tag="900"><subfield code="a">REROnoselfmerge</subfield></datafield></record>
</metadata></record>