<record><header><identifier>oai:alma.41SLSP_UGE:991000026839705502</identifier><datestamp>2023-03-01T01:08:55Z</datestamp><setSpec>uge_bcen_RapidILL_BOOK</setSpec><setSpec>uge_aaca_RapidILL_BOOK</setSpec><setSpec>uge_abels_RapidILL_BOOK</setSpec><setSpec>uge_dbu_RapidILL_BOOK</setSpec><setSpec>uge_cmu_RapidILL_BOOK</setSpec><setSpec>uge_mail_RapidILL_BOOK</setSpec><setSpec>UNIGE_ALL</setSpec><setSpec>uge_abbat_RapidILL_BOOK</setSpec><setSpec>uge_aobs_RapidILL_BOOK</setSpec><setSpec>uge_acar_RapidILL_BOOK</setSpec></header><metadata>
<record xmlns="http://www.loc.gov/MARC21/slim" xmlns:xsi="http://www.w3.org/2001/XMLSchema-instance" xsi:schemaLocation="http://www.loc.gov/MARC21/slim http://www.loc.gov/standards/marcxml/schema/MARC21slim.xsd"><leader>01069nam a2200349 c 4500</leader><controlfield tag="001">991000026839705502</controlfield><controlfield tag="005">20201231130346.0</controlfield><controlfield tag="008">201012s1996    fr ||||| |||| 00| ||fre d</controlfield><datafield ind1="7" ind2=" " tag="016"><subfield code="a">FRBNF370890300000005</subfield><subfield code="2">FrPBN</subfield></datafield><datafield ind1="7" ind2=" " tag="016"><subfield code="a">FRBNF374921650000009</subfield><subfield code="2">FrPBN</subfield></datafield><datafield ind1=" " ind2=" " tag="020"><subfield code="a">2910517047</subfield></datafield><datafield ind1=" " ind2=" " tag="020"><subfield code="a">9782910517045</subfield></datafield><datafield ind1=" " ind2=" " tag="035"><subfield code="a">(swissbib)237181355-41slsp_network</subfield></datafield><datafield ind1=" " ind2=" " tag="035"><subfield code="a">237181355</subfield><subfield code="9">ExL</subfield></datafield><datafield ind1=" " ind2=" " tag="035"><subfield code="a">(RERO)R215756960-41slsp</subfield></datafield><datafield ind1=" " ind2=" " tag="035"><subfield code="a">(IDSBB)006670103DSV01</subfield></datafield><datafield ind1=" " ind2=" " tag="035"><subfield code="a">(OCoLC)36002238</subfield></datafield><datafield ind1=" " ind2=" " tag="035"><subfield code="a">(EXLNZ-41SLSP_NETWORK)991111995279705501</subfield></datafield><datafield ind1=" " ind2=" " tag="040"><subfield code="a">RERO geulfr</subfield><subfield code="d">CH-ZuSLS</subfield></datafield><datafield ind1="1" ind2="4" tag="050"><subfield code="a">PQ2662.E6812</subfield><subfield code="b">B65 1996</subfield></datafield><datafield ind1=" " ind2="7" tag="072"><subfield code="a">fr</subfield><subfield code="2">rero</subfield></datafield><datafield ind1="1" ind2=" " tag="080"><subfield code="a">840&quot;19&quot;BER.P7Bois</subfield></datafield><datafield ind1="0" ind2="4" tag="082"><subfield code="a">840</subfield><subfield code="b">BER</subfield></datafield><datafield ind1="1" ind2=" " tag="100"><subfield code="a">Bergounioux, Pierre</subfield><subfield code="d">1949-....</subfield><subfield code="0">(IDREF)028249755</subfield><subfield code="4">cre</subfield></datafield><datafield ind1="1" ind2="0" tag="245"><subfield code="a">&lt;&lt;Le&gt;&gt; bois du chapitre</subfield><subfield code="c">Pierre Bergounioux</subfield></datafield><datafield ind1=" " ind2="1" tag="264"><subfield code="a">Orléans</subfield><subfield code="b">Théodore Balmoral</subfield><subfield code="c">1996</subfield></datafield><datafield ind1=" " ind2=" " tag="300"><subfield code="a">60 p.</subfield><subfield code="c">18 cm</subfield></datafield><datafield ind1=" " ind2=" " tag="336"><subfield code="b">txt</subfield><subfield code="2">rdacontent</subfield></datafield><datafield ind1=" " ind2=" " tag="337"><subfield code="b">n</subfield><subfield code="2">rdamedia</subfield></datafield><datafield ind1=" " ind2=" " tag="338"><subfield code="b">nc</subfield><subfield code="2">rdacarrier</subfield></datafield><datafield ind1="1" ind2=" " tag="490"><subfield code="a">Le monde est là</subfield></datafield><datafield ind1=" " ind2=" " tag="830"><subfield code="a">Collection Le monde est là</subfield><subfield code="w">(RERO)1905648-41slsp</subfield></datafield><datafield ind1=" " ind2=" " tag="900"><subfield code="a">REROnoselfmerge</subfield></datafield></record>
</metadata></record>