<record><header><identifier>oai:alma.41SLSP_UGE:991000026729705502</identifier><datestamp>2024-11-02T01:09:55Z</datestamp><setSpec>uge_bcen_RapidILL_BOOK</setSpec><setSpec>uge_aaca_RapidILL_BOOK</setSpec><setSpec>uge_abels_RapidILL_BOOK</setSpec><setSpec>uge_dbu_RapidILL_BOOK</setSpec><setSpec>uge_cmu_RapidILL_BOOK</setSpec><setSpec>uge_mail_RapidILL_BOOK</setSpec><setSpec>uge_abbat_RapidILL_BOOK</setSpec><setSpec>UNIGE_ALL</setSpec><setSpec>uge_acar_RapidILL_BOOK</setSpec><setSpec>uge_aobs_RapidILL_BOOK</setSpec></header><metadata>
<record xmlns="http://www.loc.gov/MARC21/slim" xmlns:xsi="http://www.w3.org/2001/XMLSchema-instance" xsi:schemaLocation="http://www.loc.gov/MARC21/slim http://www.loc.gov/standards/marcxml/schema/MARC21slim.xsd"><leader>02524nam a22006012c 4500</leader><controlfield tag="001">991000026729705502</controlfield><controlfield tag="005">20201126050315.0</controlfield><controlfield tag="008">201012s2015    fr ||||| |||| 00| ||fre d</controlfield><datafield ind1=" " ind2=" " tag="020"><subfield code="a">2251445072</subfield></datafield><datafield ind1=" " ind2=" " tag="020"><subfield code="a">9782251445076</subfield></datafield><datafield ind1=" " ind2=" " tag="035"><subfield code="a">(swissbib)235673552-41slsp_network</subfield></datafield><datafield ind1=" " ind2=" " tag="035"><subfield code="a">235673552</subfield><subfield code="9">ExL</subfield></datafield><datafield ind1=" " ind2=" " tag="035"><subfield code="a">(RERO)R008281473-41slsp</subfield></datafield><datafield ind1=" " ind2=" " tag="035"><subfield code="a">(IDSBB)006794103DSV01</subfield></datafield><datafield ind1=" " ind2=" " tag="035"><subfield code="a">(NEBIS)010893258EBI01</subfield></datafield><datafield ind1=" " ind2=" " tag="035"><subfield code="a">(EXLNZ-41SLSP_NETWORK)991085130189705501</subfield></datafield><datafield ind1=" " ind2=" " tag="040"><subfield code="a">BTCTA</subfield><subfield code="d">CH-ZuSLS</subfield></datafield><datafield ind1="1" ind2=" " tag="041"><subfield code="a">fre</subfield><subfield code="a">lat</subfield><subfield code="h">lat</subfield></datafield><datafield ind1=" " ind2="7" tag="072"><subfield code="a">la</subfield><subfield code="2">rero</subfield></datafield><datafield ind1=" " ind2="7" tag="072"><subfield code="a">at</subfield><subfield code="2">rero</subfield></datafield><datafield ind1="1" ind2=" " tag="080"><subfield code="a">871VITR1</subfield></datafield><datafield ind1=" " ind2=" " tag="084"><subfield code="a">FX 186502</subfield><subfield code="2">rvk</subfield></datafield><datafield ind1="1" ind2=" " tag="100"><subfield code="a">Vitruve</subfield><subfield code="d">0090?-0020? av. J.-C.</subfield><subfield code="0">(IDREF)027648869</subfield><subfield code="4">cre</subfield></datafield><datafield ind1="1" ind2="0" tag="240"><subfield code="a">De architectura</subfield></datafield><datafield ind1="1" ind2="0" tag="245"><subfield code="a">De l'architecture</subfield><subfield code="b">= De architectura</subfield><subfield code="c">Vitruve ; éd. dir. par Pierre Gros ; avec la collab., pour l'éd., la trad. et le comment., de Louis Callebat, Marie-Thérèse Cam, Philippe Fleury, Pierre Gros, Catherine Jacquemard, Bernard Liou, Catherine Saliou, Jean Soubiran, Michel Zuinghedau</subfield></datafield><datafield ind1="1" ind2="1" tag="246"><subfield code="a">De architectura</subfield></datafield><datafield ind1=" " ind2="1" tag="264"><subfield code="a">Paris</subfield><subfield code="b">Les Belles Lettres</subfield><subfield code="c">2015</subfield></datafield><datafield ind1=" " ind2=" " tag="300"><subfield code="a">CV, 772 Seiten</subfield><subfield code="b">Illustrationen</subfield></datafield><datafield ind1=" " ind2=" " tag="336"><subfield code="b">txt</subfield><subfield code="2">rdacontent</subfield></datafield><datafield ind1=" " ind2=" " tag="337"><subfield code="b">n</subfield><subfield code="2">rdamedia</subfield></datafield><datafield ind1=" " ind2=" " tag="338"><subfield code="b">nc</subfield><subfield code="2">rdacarrier</subfield></datafield><datafield ind1="1" ind2=" " tag="490"><subfield code="a">Editio minor</subfield><subfield code="v">1</subfield></datafield><datafield ind1=" " ind2=" " tag="500"><subfield code="a">Texte latin avec trad. française en regard</subfield></datafield><datafield ind1=" " ind2=" " tag="500"><subfield code="a">Introduction VII-&gt;CV de Pierre Gros</subfield></datafield><datafield ind1=" " ind2=" " tag="500"><subfield code="a">Lateinischer und franz. Paralleltext</subfield></datafield><datafield ind1=" " ind2=" " tag="500"><subfield code="a">Texte latin avec texte français</subfield></datafield><datafield ind1="0" ind2="7" tag="600"><subfield code="a">Vitruvius</subfield><subfield code="d">ca. v1. Jh.</subfield><subfield code="t">De architectura</subfield><subfield code="0">(DE-588)4099392-9</subfield><subfield code="2">gnd</subfield></datafield><datafield ind1=" " ind2="0" tag="650"><subfield code="a">Architecture</subfield><subfield code="v">Early works to 1800</subfield></datafield><datafield ind1=" " ind2="7" tag="650"><subfield code="a">ARCHITECTURE DE L'ANTIQUITÉ (ANCIEN MONDE)</subfield><subfield code="9">fre</subfield><subfield code="0">(ETHUDK)000035481</subfield><subfield code="2">ethudk</subfield></datafield><datafield ind1="0" ind2=" " tag="700"><subfield code="a">Vitruvius</subfield><subfield code="d">ca. v1. Jh.</subfield><subfield code="0">(DE-588)118627252</subfield><subfield code="e">Verfasser</subfield><subfield code="4">aut</subfield></datafield><datafield ind1="1" ind2=" " tag="700"><subfield code="a">Cam, Marie-Thérèse</subfield><subfield code="d">19..-....</subfield><subfield code="0">(IDREF)034495274</subfield></datafield><datafield ind1="1" ind2=" " tag="700"><subfield code="a">Fleury, Philippe</subfield><subfield code="c">enseignant-chercheur en études latines</subfield><subfield code="d">1952-....</subfield><subfield code="0">(IDREF)02873212X</subfield></datafield><datafield ind1="1" ind2=" " tag="700"><subfield code="a">Jacquemard, Catherine</subfield><subfield code="d">1957-....</subfield><subfield code="0">(IDREF)032669666</subfield></datafield><datafield ind1="1" ind2=" " tag="700"><subfield code="a">Liou, Bernard</subfield><subfield code="d">1931-2006</subfield><subfield code="0">(IDREF)02829629X</subfield></datafield><datafield ind1="1" ind2=" " tag="700"><subfield code="a">Saliou, Catherine</subfield><subfield code="c">professeure d'histoire romaine</subfield><subfield code="d">1964-....</subfield><subfield code="0">(IDREF)034630562</subfield></datafield><datafield ind1="1" ind2=" " tag="700"><subfield code="a">Soubiran, Jean</subfield><subfield code="d">1932-....</subfield><subfield code="0">(IDREF)027144232</subfield></datafield><datafield ind1="1" ind2=" " tag="700"><subfield code="a">Zuinghedau, Michel</subfield><subfield code="0">(IDREF)034495134</subfield></datafield><datafield ind1="1" ind2=" " tag="700"><subfield code="a">Callebat, Louis</subfield><subfield code="d">1934-</subfield><subfield code="0">(DE-588)17201414X</subfield><subfield code="e">Mitwirkender</subfield><subfield code="4">ctb</subfield><subfield code="6">880-09</subfield></datafield><datafield ind1="1" ind2=" " tag="880"><subfield code="6">700-09</subfield><subfield code="a">Callebat, Louis</subfield><subfield code="c">professeur d'université</subfield><subfield code="d">1934-....</subfield><subfield code="0">(IDREF)028732138</subfield></datafield><datafield ind1="1" ind2=" " tag="700"><subfield code="a">Gros, Pierre</subfield><subfield code="d">1939-</subfield><subfield code="0">(DE-588)130840041</subfield><subfield code="e">éditeur intellectuel</subfield><subfield code="4">edt</subfield><subfield code="6">880-10</subfield></datafield><datafield ind1="1" ind2=" " tag="880"><subfield code="a">Gros, Pierre</subfield><subfield code="0">(RERO)A003322296</subfield><subfield code="6">700-10</subfield></datafield><datafield ind1=" " ind2=" " tag="830"><subfield code="a">Editio minor</subfield><subfield code="v">1</subfield><subfield code="w">(RERO)R008326199-41slsp</subfield></datafield><datafield ind1=" " ind2=" " tag="900"><subfield code="a">REROnoselfmerge</subfield></datafield><datafield ind1=" " ind2=" " tag="910"><subfield code="a">OCoLC</subfield><subfield code="b">20151019</subfield><subfield code="c">Droits réservés</subfield></datafield></record>
</metadata></record>