<record><header><identifier>oai:alma.41SLSP_UGE:991000027689705502</identifier><datestamp>2024-06-16T00:11:22Z</datestamp><setSpec>uge_bcen_RapidILL_BOOK</setSpec><setSpec>uge_aaca_RapidILL_BOOK</setSpec><setSpec>uge_abels_RapidILL_BOOK</setSpec><setSpec>uge_dbu_RapidILL_BOOK</setSpec><setSpec>uge_cmu_RapidILL_BOOK</setSpec><setSpec>uge_mail_RapidILL_BOOK</setSpec><setSpec>UNIGE_ALL</setSpec><setSpec>uge_abbat_RapidILL_BOOK</setSpec><setSpec>uge_aobs_RapidILL_BOOK</setSpec><setSpec>uge_acar_RapidILL_BOOK</setSpec></header><metadata>
<record xmlns="http://www.loc.gov/MARC21/slim" xmlns:xsi="http://www.w3.org/2001/XMLSchema-instance" xsi:schemaLocation="http://www.loc.gov/MARC21/slim http://www.loc.gov/standards/marcxml/schema/MARC21slim.xsd"><leader>01253nam a22002897c 4500</leader><controlfield tag="001">991000027689705502</controlfield><controlfield tag="005">20211117180121.0</controlfield><controlfield tag="007">h| ||||||||||</controlfield><controlfield tag="008">060704r19981543sz |||||r|||| 00| ||fre d</controlfield><datafield ind1=" " ind2=" " tag="035"><subfield code="a">(swissbib)103783784-41slsp_network</subfield></datafield><datafield ind1=" " ind2=" " tag="035"><subfield code="a">103783784</subfield><subfield code="9">ExL</subfield></datafield><datafield ind1=" " ind2=" " tag="035"><subfield code="a">(RERO)R004149836-41slsp</subfield></datafield><datafield ind1=" " ind2=" " tag="035"><subfield code="a">(EXLNZ-41SLSP_NETWORK)991023381579705501</subfield></datafield><datafield ind1=" " ind2=" " tag="040"><subfield code="a">RERO geuchr</subfield><subfield code="d">CH-ZuSLS</subfield></datafield><datafield ind1=" " ind2=" " tag="044"><subfield code="a">sz</subfield><subfield code="c">ch-ge</subfield></datafield><datafield ind1=" " ind2="7" tag="072"><subfield code="a">th</subfield><subfield code="2">rero</subfield></datafield><datafield ind1="1" ind2=" " tag="100"><subfield code="a">Viret, Pierre</subfield><subfield code="d">1511-1571</subfield><subfield code="0">(IDREF)028851617</subfield><subfield code="4">cre</subfield></datafield><datafield ind1="1" ind2="0" tag="245"><subfield code="a">Epistre envoyée aux fideles conversans entre les chrestiens papistiques pour leur remonstrer comment ilz se doyvent garder d'estre souillez et polluz par leurs superstitions et idolatries et de deshonnorer Jesus Christ par icelles</subfield><subfield code="c">Pierre Viret</subfield></datafield><datafield ind1=" " ind2="1" tag="264"><subfield code="a">[Genève]</subfield><subfield code="b">[J. Gérard]</subfield><subfield code="c">1543</subfield></datafield><datafield ind1=" " ind2=" " tag="300"><subfield code="a">188 [sic pour 138] p.</subfield><subfield code="c">8⁰ (13 cm)</subfield></datafield><datafield ind1=" " ind2=" " tag="336"><subfield code="b">txt</subfield><subfield code="2">rdacontent</subfield></datafield><datafield ind1=" " ind2=" " tag="337"><subfield code="b">h</subfield><subfield code="2">rdamedia</subfield></datafield><datafield ind1=" " ind2=" " tag="500"><subfield code="a">Cote de l'ex. microfilmé: TP 2681(2)</subfield></datafield><datafield ind1=" " ind2=" " tag="533"><subfield code="a">Microfilm</subfield><subfield code="b">Lausanne</subfield><subfield code="c">Bibliothèque cantonale et universitaire</subfield><subfield code="d">1998</subfield><subfield code="e">1 microfilm en bobine ; 35 mm</subfield></datafield><datafield ind1="1" ind2=" " tag="700"><subfield code="a">Gérard, Jean</subfield><subfield code="d">15..?-1558</subfield><subfield code="0">(IDREF)031003109</subfield><subfield code="4">prt</subfield></datafield><datafield ind1="1" ind2="2" tag="700"><subfield code="a">Viret, Pierre</subfield><subfield code="t">Epître envoyée aux fidèles conversants</subfield></datafield><datafield ind1=" " ind2=" " tag="751"><subfield code="a">Genève (Genève, Suisse)</subfield><subfield code="4">pup</subfield><subfield code="0">(IDREF)02726453X</subfield></datafield><datafield ind1=" " ind2=" " tag="900"><subfield code="a">REROswissbibnomerge</subfield></datafield></record>
</metadata></record>