<record><header><identifier>oai:alma.41SLSP_UGE:991000027169705502</identifier><datestamp>2023-03-01T01:08:55Z</datestamp><setSpec>uge_bcen_RapidILL_BOOK</setSpec><setSpec>uge_aaca_RapidILL_BOOK</setSpec><setSpec>uge_abels_RapidILL_BOOK</setSpec><setSpec>uge_dbu_RapidILL_BOOK</setSpec><setSpec>uge_cmu_RapidILL_BOOK</setSpec><setSpec>uge_mail_RapidILL_BOOK</setSpec><setSpec>UNIGE_ALL</setSpec><setSpec>uge_abbat_RapidILL_BOOK</setSpec><setSpec>uge_aobs_RapidILL_BOOK</setSpec><setSpec>uge_acar_RapidILL_BOOK</setSpec></header><metadata>
<record xmlns="http://www.loc.gov/MARC21/slim" xmlns:xsi="http://www.w3.org/2001/XMLSchema-instance" xsi:schemaLocation="http://www.loc.gov/MARC21/slim http://www.loc.gov/standards/marcxml/schema/MARC21slim.xsd"><leader>01015nam a2200289 c 4500</leader><controlfield tag="001">991000027169705502</controlfield><controlfield tag="005">20210207120229.0</controlfield><controlfield tag="008">900315s1984    sp ||||| |||| 00| ||spa d</controlfield><datafield ind1=" " ind2=" " tag="020"><subfield code="a">8429706674</subfield><subfield code="q">t. 2</subfield></datafield><datafield ind1=" " ind2=" " tag="035"><subfield code="a">(swissbib)084521392-41slsp_network</subfield></datafield><datafield ind1=" " ind2=" " tag="035"><subfield code="a">084521392</subfield><subfield code="9">ExL</subfield></datafield><datafield ind1=" " ind2=" " tag="035"><subfield code="a">(RERO)1220383-41slsp</subfield></datafield><datafield ind1=" " ind2=" " tag="035"><subfield code="a">(EXLNZ-41SLSP_NETWORK)991123990449705501</subfield></datafield><datafield ind1=" " ind2=" " tag="040"><subfield code="a">RERO geules</subfield><subfield code="d">CH-ZuSLS</subfield></datafield><datafield ind1=" " ind2="7" tag="072"><subfield code="a">ht</subfield><subfield code="2">rero</subfield></datafield><datafield ind1="1" ind2=" " tag="100"><subfield code="a">Lynch, John</subfield><subfield code="d">1927-</subfield><subfield code="0">(RERO)A012317918</subfield><subfield code="4">cre</subfield></datafield><datafield ind1="1" ind2="0" tag="245"><subfield code="a">España bajo los Austrias</subfield><subfield code="c">John Lynch ; [trad. de Josep María Bernadas].</subfield><subfield code="n">2</subfield><subfield code="p">España y América : 1598-1700 / trad. de Albert Broggi y Juan-Ramón Capella</subfield></datafield><datafield ind1=" " ind2=" " tag="250"><subfield code="a">[4a ed.]</subfield></datafield><datafield ind1=" " ind2="1" tag="264"><subfield code="a">Barcelona</subfield><subfield code="b">Península</subfield><subfield code="c">1984</subfield></datafield><datafield ind1=" " ind2=" " tag="300"><subfield code="a">446 p.</subfield><subfield code="b">tabl., cartes</subfield><subfield code="c">20 cm</subfield></datafield><datafield ind1=" " ind2=" " tag="336"><subfield code="b">txt</subfield><subfield code="2">rdacontent</subfield></datafield><datafield ind1=" " ind2=" " tag="337"><subfield code="b">n</subfield><subfield code="2">rdamedia</subfield></datafield><datafield ind1=" " ind2=" " tag="338"><subfield code="b">nc</subfield><subfield code="2">rdacarrier</subfield></datafield><datafield ind1="1" ind2=" " tag="490"><subfield code="a">Serie universitaria</subfield><subfield code="v">85</subfield></datafield><datafield ind1="1" ind2=" " tag="700"><subfield code="a">Broggi, Albert</subfield><subfield code="0">(IDREF)199787840</subfield></datafield><datafield ind1=" " ind2="0" tag="830"><subfield code="a">Serie Universitaria</subfield><subfield code="v">85</subfield></datafield><datafield ind1="1" ind2=" " tag="800"><subfield code="a">Lynch, John</subfield><subfield code="d">1927-</subfield><subfield code="t">España bajo los Austrias</subfield><subfield code="v">2</subfield></datafield><datafield ind1=" " ind2=" " tag="900"><subfield code="a">REROnoselfmerge</subfield></datafield><datafield ind1=" " ind2=" " tag="993"><subfield code="a">FLT 85126/2</subfield><subfield code="x">ge/ules/a/flt 85126/2</subfield><subfield code="9">LOCAL</subfield></datafield><datafield ind1=" " ind2=" " tag="993"><subfield code="a">BFLA 42919/2</subfield><subfield code="x">ge/ules/a/flt 85126/2</subfield><subfield code="9">LOCAL</subfield></datafield></record>
</metadata></record>