<record><header><identifier>oai:alma.41SLSP_UGE:991000027269705502</identifier><datestamp>2023-05-23T00:14:06Z</datestamp><setSpec>uge_bcen_RapidILL_BOOK</setSpec><setSpec>uge_aaca_RapidILL_BOOK</setSpec><setSpec>uge_abels_RapidILL_BOOK</setSpec><setSpec>uge_dbu_RapidILL_BOOK</setSpec><setSpec>uge_cmu_RapidILL_BOOK</setSpec><setSpec>uge_mail_RapidILL_BOOK</setSpec><setSpec>uge_abbat_RapidILL_BOOK</setSpec><setSpec>UNIGE_ALL</setSpec><setSpec>uge_acar_RapidILL_BOOK</setSpec><setSpec>uge_aobs_RapidILL_BOOK</setSpec></header><metadata>
<record xmlns="http://www.loc.gov/MARC21/slim" xmlns:xsi="http://www.w3.org/2001/XMLSchema-instance" xsi:schemaLocation="http://www.loc.gov/MARC21/slim http://www.loc.gov/standards/marcxml/schema/MARC21slim.xsd"><leader>06013nam a2200673 c 4500</leader><controlfield tag="001">991000027269705502</controlfield><controlfield tag="005">20230329203145.0</controlfield><controlfield tag="008">201012s2014    xxk||||| |||| 00| ||eng d</controlfield><datafield ind1=" " ind2=" " tag="010"><subfield code="a">2013022045</subfield></datafield><datafield ind1=" " ind2=" " tag="020"><subfield code="a">0415817722</subfield><subfield code="q">hardback</subfield></datafield><datafield ind1=" " ind2=" " tag="020"><subfield code="a">020358368X</subfield><subfield code="q">ebk</subfield></datafield><datafield ind1=" " ind2=" " tag="020"><subfield code="a">9780415817721</subfield><subfield code="q">hardback</subfield></datafield><datafield ind1=" " ind2=" " tag="020"><subfield code="a">9780203583685</subfield><subfield code="q">ebk.</subfield></datafield><datafield ind1=" " ind2=" " tag="035"><subfield code="a">(swissbib)239726154-41slsp_network</subfield></datafield><datafield ind1=" " ind2=" " tag="035"><subfield code="a">239726154</subfield><subfield code="9">ExL</subfield></datafield><datafield ind1=" " ind2=" " tag="035"><subfield code="a">(RERO)R008049656-41slsp</subfield></datafield><datafield ind1=" " ind2=" " tag="035"><subfield code="a">(NEBIS)009908563EBI01</subfield></datafield><datafield ind1=" " ind2=" " tag="035"><subfield code="a">(IDSSG)000644730HSB01</subfield></datafield><datafield ind1=" " ind2=" " tag="035"><subfield code="a">(OCoLC)849801204</subfield></datafield><datafield ind1=" " ind2=" " tag="035"><subfield code="a">(EXLNZ-41SLSP_NETWORK)991014870729705501</subfield></datafield><datafield ind1=" " ind2=" " tag="040"><subfield code="a">DLC</subfield><subfield code="d">CH-ZuSLS</subfield></datafield><datafield ind1=" " ind2="0" tag="050"><subfield code="a">G156.5.H47</subfield><subfield code="b">C66 2014</subfield></datafield><datafield ind1=" " ind2="7" tag="072"><subfield code="a">go</subfield><subfield code="2">rero</subfield></datafield><datafield ind1="0" ind2="0" tag="082"><subfield code="a">338.4/791</subfield><subfield code="2">23</subfield></datafield><datafield ind1=" " ind2=" " tag="084"><subfield code="a">TRV000000</subfield><subfield code="2">bisacsh</subfield></datafield><datafield ind1="0" ind2="0" tag="245"><subfield code="a">Contemporary issues in cultural heritage tourism</subfield><subfield code="c">edited by Jaime Kaminski, Angela M. Benson and David Arnold</subfield></datafield><datafield ind1=" " ind2="1" tag="264"><subfield code="a">London</subfield><subfield code="a">New York</subfield><subfield code="b">Routledge, Taylor &amp; Francis Group</subfield><subfield code="c">2014</subfield></datafield><datafield ind1=" " ind2=" " tag="300"><subfield code="a">xxvi, 346 pages</subfield><subfield code="b">illustrations, maps</subfield><subfield code="c">24 cm.</subfield></datafield><datafield ind1=" " ind2=" " tag="336"><subfield code="b">txt</subfield><subfield code="2">rdacontent</subfield></datafield><datafield ind1=" " ind2=" " tag="337"><subfield code="b">n</subfield><subfield code="2">rdamedia</subfield></datafield><datafield ind1=" " ind2=" " tag="338"><subfield code="b">nc</subfield><subfield code="2">rdacarrier</subfield></datafield><datafield ind1="1" ind2=" " tag="490"><subfield code="a">Contemporary geographies of leisure, tourism and mobility</subfield><subfield code="v">42</subfield></datafield><datafield ind1=" " ind2=" " tag="504"><subfield code="a">Includes bibliographical references and index</subfield></datafield><datafield ind1="8" ind2=" " tag="520"><subfield code="a">&quot;The perceived quality of a destination's cultural offering has long been a significant factor in determining tourist choices of destination. More recently, the need to present touristic offerings that include cultural experiences and heritage has become widely recognised, that this aspect of the tourism experience is an important differentiator of destinations, as well as being amongst the most manageable. This has also led to an increase in the management of such experiences through special exhibitions, events and festivals, as well as through ensuring more routine and controlled access to heritage sites. Reflecting the increasing application of cultural heritage as a driver for tourism and development, this book provides for the first time a cohesive volume on the subject that is theoretically rich, practically applied and empirically grounded. Written by expert scholars and practitioners in the field, the book covers a broad range of theoretical perspectives of cultural heritage tourism ; regeneration, policy, stakeholders, marketing, socio-economic development, impacts, sustainability, volunteering and ICT. It takes a broad view, integrating international examples of sites, monuments as well as intangible cultural heritage, motor vehicle heritage events and modern art museums. This significant book further knowledge of the theory and application of tourism within the context of cultural heritage and will be of interest to students, researchers and practitioners in a range of disciplines&quot;--</subfield><subfield code="c">Provided by publisher</subfield></datafield><datafield ind1=" " ind2="7" tag="650"><subfield code="a">Tourisme culturel</subfield><subfield code="0">(IDREF)02747805X</subfield><subfield code="2">idref</subfield></datafield><datafield ind1=" " ind2="7" tag="650"><subfield code="a">Patrimoine culturel</subfield><subfield code="0">(IDREF)027797856</subfield><subfield code="2">idref</subfield></datafield><datafield ind1=" " ind2="7" tag="650"><subfield code="a">TRAVEL / General</subfield><subfield code="2">bisacsh</subfield></datafield><datafield ind1=" " ind2="7" tag="650"><subfield code="a">BIENS CULTURELS + HÉRITAGE CULTUREL</subfield><subfield code="9">fre</subfield><subfield code="0">(ETHUDK)000009094</subfield><subfield code="2">ethudk</subfield></datafield><datafield ind1=" " ind2="7" tag="650"><subfield code="a">INDUSTRIE DE L'ACCUEIL + INDUSTRIE DES LOISIRS + INDUSTRIE TOURISTIQUE (LOISIRS)</subfield><subfield code="9">fre</subfield><subfield code="0">(ETHUDK)000056115</subfield><subfield code="2">ethudk</subfield></datafield><datafield ind1=" " ind2="7" tag="650"><subfield code="a">TOURISME URBAIN (LOISIRS)</subfield><subfield code="9">fre</subfield><subfield code="0">(ETHUDK)000045374</subfield><subfield code="2">ethudk</subfield></datafield><datafield ind1=" " ind2="7" tag="650"><subfield code="a">TOURISME CULTUREL + VOYAGES CULTURELS (LOISIRS)</subfield><subfield code="9">fre</subfield><subfield code="0">(ETHUDK)000054605</subfield><subfield code="2">ethudk</subfield></datafield><datafield ind1=" " ind2="0" tag="650"><subfield code="a">Heritage tourism</subfield></datafield><datafield ind1=" " ind2="7" tag="650"><subfield code="a">Bildungstourismus</subfield><subfield code="0">(DE-588)4399758-2</subfield><subfield code="2">gnd</subfield></datafield><datafield ind1=" " ind2="7" tag="650"><subfield code="a">Kulturerbe</subfield><subfield code="0">(DE-588)4033560-4</subfield><subfield code="2">gnd</subfield></datafield><datafield ind1=" " ind2="7" tag="655"><subfield code="a">[Études diverses]</subfield><subfield code="0">(RERO)A022249905</subfield><subfield code="2">rero</subfield></datafield><datafield ind1=" " ind2="7" tag="655"><subfield code="a">Aufsatzsammlung</subfield><subfield code="2">gnd-content</subfield></datafield><datafield ind1=" " ind2=" " tag="690"><subfield code="a">Kulturerbe[100]; Tourismus[75]; Kaminski[17]; Kulturgut[10]; Tabellenwerk[8]; Death[7]; Erkenntnis[7]; Jasmin[7]; Perspektive[7]; Zukunft[7]; Marketing</subfield><subfield code="2">idssg-J</subfield></datafield><datafield ind1=" " ind2=" " tag="690"><subfield code="a">Kulturerbetourismus; Kulturtourismus; Kulturerneuerung; Touristenstrom; Postapartheid; Baggelaar; Europaviertel; Höhlenfundstelle; Inselrand; Volkssprache</subfield><subfield code="2">idssg-J</subfield></datafield><datafield ind1=" " ind2=" " tag="690"><subfield code="a">digitale Zukunft; französischkantabrische Perspektive; immaterielles Kulturerbe; kulturelles Erbe; mitwirkend Xviii; paläolithische Höhlenfundstelle; römisches Bad; saisonaler Touristenstrom; sozioökonomische Entwicklung; theoretische Frage; touristische Ressource; vereinigtes Königreich; zeitgenössisches Thema; zukünftige Richtung; zukünftiger Treiber</subfield><subfield code="2">idssg-J</subfield></datafield><datafield ind1=" " ind2=" " tag="690"><subfield code="a">Europa C4E; Großbritannien C4EUUK; Tunesien C6TUNI; Japan C9JAPA; Thailand C9THAI; Spanien C4EUSP; Vereinigte Staaten C1USA; Südafrika C6SOUT; Ägypten C7EGYP; England C4EUUK</subfield><subfield code="2">idssg-J</subfield></datafield><datafield ind1=" " ind2=" " tag="690"><subfield code="a">Angela Benson; Anfechtung Kairo Europaviertel Tourismus; Angela BENSON; Atrocity Erbe Tourismus; Benjamin HRUSKA; Bild Kommunizieren Erbe; Block Block Island; Carlo Perelli; David Arnold Routledge; David Arnold Routledge Taylor Francis Group London; Elke Ennen; Erbe Tourismus Contemporary Issues; Eugenio VAN Maanen; Geoffrey SMITH; GREGORY ASHWORTH; Giovanni SISTU; Hill; John TUNBRIDGE; Jaime KAMINSK1; Jaime KAMINSKI; Jaime KAMINSKl; Jaime Kaminski David Arnold; König UND; Mobil Erbe Kraftfahrzeug Kulturtourismus; Okinawa Japan Taketomi Village; römisch Bädern Bath; Sanchez; Stephen BIRD; Shuri Castle; Tony FLYNN; Thailand Death Railway; Tourist Erbe Politik; vereinigt Königreich Jaime Kaminski GEOFFREY SMITH; Wiederaufgreifen Manissean Erbe</subfield><subfield code="2">idssg-J</subfield></datafield><datafield ind1="1" ind2=" " tag="700"><subfield code="a">Kaminski, Jaime</subfield><subfield code="d">19..-....</subfield><subfield code="0">(IDREF)159743036</subfield></datafield><datafield ind1="4" ind2=" " tag="856"><subfield code="3">Titelblatt und Inhaltsverzeichnis</subfield><subfield code="u">https://toc.library.ethz.ch/objects/pdf03/z01_978-0-415-81772-1_01.pdf</subfield><subfield code="q">pdf</subfield></datafield><datafield ind1=" " ind2="0" tag="830"><subfield code="a">Routledge studies in contemporary geographies of leisure, tourism and mobility</subfield><subfield code="v">42</subfield><subfield code="w">(NEBIS)004822027EBI01</subfield></datafield><datafield ind1=" " ind2="0" tag="830"><subfield code="a">Contemporary geographies of leisure, tourism and mobility</subfield><subfield code="v">42</subfield><subfield code="w">(RERO)R003397012-41slsp</subfield></datafield><datafield ind1=" " ind2=" " tag="900"><subfield code="a">REROnoselfmerge</subfield></datafield><datafield ind1=" " ind2=" " tag="900"><subfield code="a">IDSZ2zbzmon201401f</subfield><subfield code="d">IDSZ2zbzswk201402g</subfield><subfield code="e">IDSZ2tschu</subfield></datafield><datafield ind1=" " ind2=" " tag="900"><subfield code="a">IDSE5E74ANH-2014</subfield></datafield><datafield ind1=" " ind2=" " tag="910"><subfield code="a">LOC</subfield><subfield code="b">20150126</subfield><subfield code="c">Droits réservés</subfield></datafield><datafield ind1=" " ind2=" " tag="949"><subfield code="a">https://toc.library.ethz.ch/objects/pdf03/z01_978-0-415-81772-1_01.pdf</subfield></datafield></record>
</metadata></record>