<record><header><identifier>oai:alma.41SLSP_UGE:991000027679705502</identifier><datestamp>2023-04-08T00:21:18Z</datestamp><setSpec>uge_bcen_RapidILL_BOOK</setSpec><setSpec>uge_aaca_RapidILL_BOOK</setSpec><setSpec>uge_abels_RapidILL_BOOK</setSpec><setSpec>uge_dbu_RapidILL_BOOK</setSpec><setSpec>uge_cmu_RapidILL_BOOK</setSpec><setSpec>uge_mail_RapidILL_BOOK</setSpec><setSpec>uge_abbat_RapidILL_BOOK</setSpec><setSpec>UNIGE_ALL</setSpec><setSpec>uge_acar_RapidILL_BOOK</setSpec><setSpec>uge_aobs_RapidILL_BOOK</setSpec></header><metadata>
<record xmlns="http://www.loc.gov/MARC21/slim" xmlns:xsi="http://www.w3.org/2001/XMLSchema-instance" xsi:schemaLocation="http://www.loc.gov/MARC21/slim http://www.loc.gov/standards/marcxml/schema/MARC21slim.xsd"><leader>01340nam a2200373 c 4500</leader><controlfield tag="001">991000027679705502</controlfield><controlfield tag="005">20230407140740.0</controlfield><controlfield tag="008">930107s1992    sz ||||| |||| 00| ||fre d</controlfield><datafield ind1=" " ind2=" " tag="020"><subfield code="a">9242210099</subfield></datafield><datafield ind1=" " ind2=" " tag="035"><subfield code="a">(swissbib)087201577-41slsp_network</subfield></datafield><datafield ind1=" " ind2=" " tag="035"><subfield code="a">087201577</subfield><subfield code="9">ExL</subfield></datafield><datafield ind1=" " ind2=" " tag="035"><subfield code="a">(RERO)1625402-41slsp</subfield></datafield><datafield ind1=" " ind2=" " tag="035"><subfield code="a">(EXLNZ-41SLSP_NETWORK)991038763629705501</subfield></datafield><datafield ind1=" " ind2=" " tag="040"><subfield code="a">RERO gevbpu</subfield><subfield code="d">CH-ZuSLS</subfield></datafield><datafield ind1=" " ind2=" " tag="044"><subfield code="a">sz</subfield><subfield code="c">ch-ge</subfield></datafield><datafield ind1=" " ind2="7" tag="072"><subfield code="a">me</subfield><subfield code="2">rero</subfield></datafield><datafield ind1="0" ind2="0" tag="245"><subfield code="a">Guide de sécurité biologique pour les laboratoires d'analyse et de recherche travaillant sur le VIH</subfield><subfield code="c">Organisation mondiale de la santé</subfield></datafield><datafield ind1=" " ind2="1" tag="264"><subfield code="a">Genève</subfield><subfield code="b">Organisation mondiale de la santé</subfield><subfield code="c">1992</subfield></datafield><datafield ind1=" " ind2=" " tag="300"><subfield code="a">IV, 31 p.</subfield><subfield code="b">ill.</subfield><subfield code="c">24 cm</subfield></datafield><datafield ind1=" " ind2=" " tag="336"><subfield code="b">txt</subfield><subfield code="2">rdacontent</subfield></datafield><datafield ind1=" " ind2=" " tag="337"><subfield code="b">n</subfield><subfield code="2">rdamedia</subfield></datafield><datafield ind1=" " ind2=" " tag="338"><subfield code="b">nc</subfield><subfield code="2">rdacarrier</subfield></datafield><datafield ind1="1" ind2=" " tag="490"><subfield code="a">Série OMS SIDA</subfield><subfield code="v">no 9</subfield></datafield><datafield ind1=" " ind2="2" tag="650"><subfield code="a">Laboratory Infection</subfield><subfield code="x">prevention &amp; control</subfield></datafield><datafield ind1=" " ind2="2" tag="650"><subfield code="a">HIV Infections</subfield><subfield code="x">prevention &amp; control</subfield></datafield><datafield ind1=" " ind2="2" tag="650"><subfield code="a">Containment of Biohazards</subfield></datafield><datafield ind1=" " ind2="2" tag="650"><subfield code="a">HIV</subfield></datafield><datafield ind1=" " ind2="2" tag="650"><subfield code="a">Laboratories</subfield><subfield code="x">standards</subfield></datafield><datafield ind1=" " ind2="2" tag="650"><subfield code="a">Accident Prevention</subfield></datafield><datafield ind1=" " ind2="7" tag="650"><subfield code="a">Sécurité du travail</subfield><subfield code="0">(IDREF)027248518</subfield><subfield code="2">idref</subfield></datafield><datafield ind1=" " ind2="7" tag="650"><subfield code="a">Laboratoires</subfield><subfield code="0">(IDREF)027392511</subfield><subfield code="2">idref</subfield></datafield><datafield ind1=" " ind2="7" tag="650"><subfield code="a">VIH (virus)</subfield><subfield code="0">(IDREF)028936868</subfield><subfield code="2">idref</subfield></datafield><datafield ind1="2" ind2=" " tag="710"><subfield code="a">Organisation mondiale de la santé</subfield><subfield code="0">(IDREF)026438496</subfield></datafield><datafield ind1=" " ind2="0" tag="830"><subfield code="a">Série OMS SIDA</subfield><subfield code="v">9</subfield><subfield code="w">(RERO)1313883-41slsp</subfield></datafield><datafield ind1=" " ind2=" " tag="900"><subfield code="a">REROnoselfmerge</subfield></datafield></record>
</metadata></record>