<record><header><identifier>oai:alma.41SLSP_UGE:991000026849705502</identifier><datestamp>2023-03-01T01:08:55Z</datestamp><setSpec>uge_bcen_RapidILL_BOOK</setSpec><setSpec>uge_aaca_RapidILL_BOOK</setSpec><setSpec>uge_abels_RapidILL_BOOK</setSpec><setSpec>uge_dbu_RapidILL_BOOK</setSpec><setSpec>uge_cmu_RapidILL_BOOK</setSpec><setSpec>uge_mail_RapidILL_BOOK</setSpec><setSpec>UNIGE_ALL</setSpec><setSpec>uge_abbat_RapidILL_BOOK</setSpec><setSpec>uge_aobs_RapidILL_BOOK</setSpec><setSpec>uge_acar_RapidILL_BOOK</setSpec></header><metadata>
<record xmlns="http://www.loc.gov/MARC21/slim" xmlns:xsi="http://www.w3.org/2001/XMLSchema-instance" xsi:schemaLocation="http://www.loc.gov/MARC21/slim http://www.loc.gov/standards/marcxml/schema/MARC21slim.xsd"><leader>01119nam a2200277 c 4500</leader><controlfield tag="001">991000026849705502</controlfield><controlfield tag="005">20201227141103.0</controlfield><controlfield tag="008">960809s1946    fr ||||| |||| 00| ||fre d</controlfield><datafield ind1=" " ind2=" " tag="035"><subfield code="a">(swissbib)091565030-41slsp_network</subfield></datafield><datafield ind1=" " ind2=" " tag="035"><subfield code="a">091565030</subfield><subfield code="9">ExL</subfield></datafield><datafield ind1=" " ind2=" " tag="035"><subfield code="a">(RERO)2240357-41slsp</subfield></datafield><datafield ind1=" " ind2=" " tag="035"><subfield code="a">(EXLNZ-41SLSP_NETWORK)991123311659705501</subfield></datafield><datafield ind1=" " ind2=" " tag="040"><subfield code="a">RERO neubfl</subfield><subfield code="d">CH-ZuSLS</subfield></datafield><datafield ind1=" " ind2="7" tag="072"><subfield code="a">ph</subfield><subfield code="2">rero</subfield></datafield><datafield ind1=" " ind2="7" tag="072"><subfield code="a">sp</subfield><subfield code="2">rero</subfield></datafield><datafield ind1="1" ind2=" " tag="100"><subfield code="a">Proudhon, Pierre-Joseph</subfield><subfield code="d">1809-1865</subfield><subfield code="0">(IDREF)027083772</subfield><subfield code="4">cre</subfield></datafield><datafield ind1="1" ind2="0" tag="245"><subfield code="a">Oeuvres complètes</subfield><subfield code="c">de P.-J. Proudhon.</subfield><subfield code="n">[12]</subfield><subfield code="p">Philosophie du progrès / introd. et notes par Th. Ruyssen</subfield><subfield code="p">La justice poursuivie par l'Eglise / introd. de Jules L. Puech</subfield></datafield><datafield ind1=" " ind2=" " tag="250"><subfield code="a">Nouvelle éd.</subfield><subfield code="b">publ. avec des notes et des documents inédits sous la direction de C. Bouglé et H. Moysset</subfield></datafield><datafield ind1=" " ind2="1" tag="264"><subfield code="a">Paris</subfield><subfield code="b">M. Rivière</subfield><subfield code="c">1946</subfield></datafield><datafield ind1=" " ind2=" " tag="300"><subfield code="a">333 p.</subfield><subfield code="b">ill.</subfield><subfield code="c">22 cm</subfield></datafield><datafield ind1=" " ind2=" " tag="336"><subfield code="b">txt</subfield><subfield code="2">rdacontent</subfield></datafield><datafield ind1=" " ind2=" " tag="337"><subfield code="b">n</subfield><subfield code="2">rdamedia</subfield></datafield><datafield ind1=" " ind2=" " tag="338"><subfield code="b">nc</subfield><subfield code="2">rdacarrier</subfield></datafield><datafield ind1="1" ind2=" " tag="700"><subfield code="a">Ruyssen, Théodore</subfield><subfield code="d">1868-1967</subfield><subfield code="0">(IDREF)032280548</subfield></datafield><datafield ind1="1" ind2=" " tag="700"><subfield code="a">Puech, Jules-L</subfield><subfield code="0">(RERO)A003715901</subfield></datafield><datafield ind1="1" ind2=" " tag="800"><subfield code="a">Proudhon, Pierre-Joseph</subfield><subfield code="d">1809-1865</subfield><subfield code="t">Oeuvres complètes</subfield><subfield code="v">[12]</subfield></datafield><datafield ind1=" " ind2=" " tag="900"><subfield code="a">REROnoselfmerge</subfield></datafield></record>
</metadata></record>