<record><header><identifier>oai:alma.41SLSP_UGE:991000027699705502</identifier><datestamp>2023-03-01T01:08:55Z</datestamp><setSpec>uge_cmu_RapidILL_JOURNAL</setSpec><setSpec>uge_aobs_RapidILL_JOURNAL</setSpec><setSpec>uge_aaca_RapidILL_JOURNAL</setSpec><setSpec>uge_bcen_RapidILL_JOURNAL</setSpec><setSpec>uge_abbat_RapidILL_JOURNAL</setSpec><setSpec>uge_mail_RapidILL_JOURNAL</setSpec><setSpec>uge_dbu_RapidILL_JOURNAL</setSpec><setSpec>UNIGE_ALL</setSpec><setSpec>uge_abels_RapidILL_JOURNAL</setSpec><setSpec>uge_acar_RapidILL_JOURNAL</setSpec></header><metadata>
<record xmlns="http://www.loc.gov/MARC21/slim" xmlns:xsi="http://www.w3.org/2001/XMLSchema-instance" xsi:schemaLocation="http://www.loc.gov/MARC21/slim http://www.loc.gov/standards/marcxml/schema/MARC21slim.xsd"><leader>01014nas a2200265 c 4500</leader><controlfield tag="001">991000027699705502</controlfield><controlfield tag="005">20201125195535.0</controlfield><controlfield tag="008">040218duuuu1947xxu|| p|  ||| 0    0eng d</controlfield><datafield ind1=" " ind2=" " tag="022"><subfield code="a">0032-5481</subfield></datafield><datafield ind1=" " ind2=" " tag="035"><subfield code="a">(swissbib)100253792-41slsp_network</subfield></datafield><datafield ind1=" " ind2=" " tag="035"><subfield code="a">100253792</subfield><subfield code="9">ExL</subfield></datafield><datafield ind1=" " ind2=" " tag="035"><subfield code="a">(RERO)R003587520-41slsp</subfield></datafield><datafield ind1=" " ind2=" " tag="035"><subfield code="a">(EXLNZ-41SLSP_NETWORK)991046381349705501</subfield></datafield><datafield ind1=" " ind2=" " tag="040"><subfield code="a">RERO gevbpu</subfield><subfield code="d">CH-ZuSLS</subfield></datafield><datafield ind1=" " ind2="7" tag="072"><subfield code="a">me</subfield><subfield code="2">rero</subfield></datafield><datafield ind1="0" ind2="0" tag="245"><subfield code="a">Postgraduate medicine</subfield><subfield code="b">the journal of applied medicine : official journal of the Interstate postgraduate Medical Association of North America</subfield></datafield><datafield ind1=" " ind2="1" tag="264"><subfield code="a">Minneapolis [etc.]</subfield><subfield code="b">McGraw-Hill</subfield></datafield><datafield ind1=" " ind2=" " tag="300"><subfield code="c">27 cm</subfield></datafield><datafield ind1=" " ind2=" " tag="336"><subfield code="b">txt</subfield><subfield code="2">rdacontent</subfield></datafield><datafield ind1=" " ind2=" " tag="337"><subfield code="b">n</subfield><subfield code="2">rdamedia</subfield></datafield><datafield ind1=" " ind2=" " tag="338"><subfield code="b">nc</subfield><subfield code="2">rdacarrier</subfield></datafield><datafield ind1="0" ind2=" " tag="362"><subfield code="a">1(1947) - [?]</subfield></datafield><datafield ind1=" " ind2=" " tag="580"><subfield code="a">Absorbe: Proceedings / Interstate PostgraduateMedical Association of North America</subfield></datafield><datafield ind1="2" ind2=" " tag="710"><subfield code="a">Interstate postgraduateMedical Association of North America</subfield><subfield code="0">(RERO)A009543836</subfield></datafield><datafield ind1="0" ind2="0" tag="780"><subfield code="t">Proceedings / Interstate PostgraduateMedical Association of North America</subfield></datafield><datafield ind1=" " ind2=" " tag="900"><subfield code="a">REROnoselfmerge</subfield></datafield></record>
</metadata></record>