<record><header><identifier>oai:alma.41SLSP_UGE:991000027389705502</identifier><datestamp>2023-04-17T00:12:38Z</datestamp><setSpec>uge_bcen_RapidILL_BOOK</setSpec><setSpec>uge_aaca_RapidILL_BOOK</setSpec><setSpec>uge_abels_RapidILL_BOOK</setSpec><setSpec>uge_dbu_RapidILL_BOOK</setSpec><setSpec>uge_cmu_RapidILL_BOOK</setSpec><setSpec>uge_mail_RapidILL_BOOK</setSpec><setSpec>uge_abbat_RapidILL_BOOK</setSpec><setSpec>UNIGE_ALL</setSpec><setSpec>uge_aobs_RapidILL_BOOK</setSpec><setSpec>uge_acar_RapidILL_BOOK</setSpec></header><metadata>
<record xmlns="http://www.loc.gov/MARC21/slim" xmlns:xsi="http://www.w3.org/2001/XMLSchema-instance" xsi:schemaLocation="http://www.loc.gov/MARC21/slim http://www.loc.gov/standards/marcxml/schema/MARC21slim.xsd"><leader>03903nam a2200769 c 4500</leader><controlfield tag="001">991000027389705502</controlfield><controlfield tag="005">20230416093226.0</controlfield><controlfield tag="008">201012s2006    xxk||||| |||| 00| ||eng d</controlfield><datafield ind1=" " ind2=" " tag="015"><subfield code="a">GBA688461</subfield><subfield code="2">bnb</subfield></datafield><datafield ind1=" " ind2=" " tag="020"><subfield code="a">9781847205384</subfield><subfield code="q">pbk.</subfield></datafield><datafield ind1=" " ind2=" " tag="020"><subfield code="a">1847205380</subfield><subfield code="q">pbk.</subfield><subfield code="c">£35.00</subfield></datafield><datafield ind1=" " ind2=" " tag="020"><subfield code="a">1845422716</subfield><subfield code="q">cased</subfield></datafield><datafield ind1=" " ind2=" " tag="020"><subfield code="a">9781845422714</subfield><subfield code="q">cased</subfield></datafield><datafield ind1="7" ind2=" " tag="024"><subfield code="a">http://catalogue.bnf.fr/ark:/12148/cb410395463</subfield><subfield code="2">uri</subfield></datafield><datafield ind1=" " ind2=" " tag="035"><subfield code="a">(swissbib)242182631-41slsp_network</subfield></datafield><datafield ind1=" " ind2=" " tag="035"><subfield code="a">242182631</subfield><subfield code="9">ExL</subfield></datafield><datafield ind1=" " ind2=" " tag="035"><subfield code="a">(RERO)R004116018-41slsp</subfield></datafield><datafield ind1=" " ind2=" " tag="035"><subfield code="a">(NEBIS)005223431EBI01</subfield></datafield><datafield ind1=" " ind2=" " tag="035"><subfield code="a">(IDSLU)000673523ILU01</subfield></datafield><datafield ind1=" " ind2=" " tag="035"><subfield code="a">(IDSSG)000364394HSB01</subfield></datafield><datafield ind1=" " ind2=" " tag="035"><subfield code="a">(IDSBB)004101362DSV01</subfield></datafield><datafield ind1=" " ind2=" " tag="035"><subfield code="a">(EXLNZ-41SLSP_NETWORK)991148260009705501</subfield></datafield><datafield ind1=" " ind2=" " tag="040"><subfield code="a">RERO gehei-</subfield><subfield code="d">CH-ZuSLS</subfield></datafield><datafield ind1=" " ind2="7" tag="072"><subfield code="a">se</subfield><subfield code="2">rero</subfield></datafield><datafield ind1=" " ind2="7" tag="072"><subfield code="a">sp</subfield><subfield code="2">rero</subfield></datafield><datafield ind1=" " ind2="7" tag="072"><subfield code="a">172</subfield><subfield code="2">IDS LU</subfield></datafield><datafield ind1="0" ind2="4" tag="082"><subfield code="a">337.1</subfield><subfield code="2">22</subfield></datafield><datafield ind1="0" ind2="4" tag="082"><subfield code="a">337.1 22</subfield><subfield code="2">22ger</subfield></datafield><datafield ind1="1" ind2="4" tag="082"><subfield code="a">337.1</subfield><subfield code="2">22</subfield></datafield><datafield ind1=" " ind2=" " tag="084"><subfield code="a">QM 400</subfield><subfield code="2">rvk</subfield></datafield><datafield ind1=" " ind2=" " tag="084"><subfield code="a">QM 000</subfield><subfield code="2">rvk</subfield></datafield><datafield ind1="1" ind2=" " tag="100"><subfield code="a">Jovanović, Miroslav N.</subfield><subfield code="d">1957-</subfield><subfield code="0">(DE-588)128827114</subfield><subfield code="6">880-01</subfield></datafield><datafield ind1="1" ind2=" " tag="880"><subfield code="6">100-01</subfield><subfield code="a">Jovanović, Miroslav N</subfield><subfield code="d">1957-....</subfield><subfield code="0">(IDREF)031625320</subfield><subfield code="4">cre</subfield></datafield><datafield ind1="1" ind2="0" tag="245"><subfield code="a">&lt;&lt;The&gt;&gt; economics of international integration</subfield><subfield code="c">Miroslav N. Jovanović</subfield></datafield><datafield ind1=" " ind2="1" tag="264"><subfield code="a">Cheltenham [etc.]</subfield><subfield code="b">E. Elgar</subfield><subfield code="c">[2006]</subfield></datafield><datafield ind1=" " ind2="4" tag="264"><subfield code="c">© 2006</subfield></datafield><datafield ind1=" " ind2=" " tag="300"><subfield code="a">XXI, 896 p.</subfield><subfield code="b">ill.</subfield><subfield code="c">25 cm</subfield></datafield><datafield ind1=" " ind2=" " tag="336"><subfield code="b">txt</subfield><subfield code="2">rdacontent</subfield></datafield><datafield ind1=" " ind2=" " tag="337"><subfield code="b">n</subfield><subfield code="2">rdamedia</subfield></datafield><datafield ind1=" " ind2=" " tag="338"><subfield code="b">nc</subfield><subfield code="2">rdacarrier</subfield></datafield><datafield ind1=" " ind2=" " tag="504"><subfield code="a">Includes bibliographical references and index</subfield></datafield><datafield ind1=" " ind2="7" tag="650"><subfield code="a">Außenhandel</subfield><subfield code="0">(DE-588)4003832-4</subfield><subfield code="2">gnd</subfield></datafield><datafield ind1=" " ind2="7" tag="650"><subfield code="a">Geldpolitik</subfield><subfield code="0">(DE-588)4019902-2</subfield><subfield code="2">gnd</subfield></datafield><datafield ind1=" " ind2="7" tag="650"><subfield code="a">Wirtschaftsentwicklung</subfield><subfield code="0">(DE-588)4066438-7</subfield><subfield code="2">gnd</subfield></datafield><datafield ind1=" " ind2="7" tag="650"><subfield code="a">Zollunion</subfield><subfield code="2">idszbz</subfield></datafield><datafield ind1=" " ind2="0" tag="650"><subfield code="a">Customs unions</subfield></datafield><datafield ind1=" " ind2="0" tag="650"><subfield code="a">International economic integration</subfield></datafield><datafield ind1=" " ind2="0" tag="650"><subfield code="a">International economic integration</subfield><subfield code="v">Case studies</subfield></datafield><datafield ind1=" " ind2="0" tag="650"><subfield code="a">Monetary policy</subfield></datafield><datafield ind1=" " ind2="0" tag="650"><subfield code="a">Space in economics</subfield></datafield><datafield ind1=" " ind2="7" tag="650"><subfield code="a">Gemeinsamer Markt</subfield><subfield code="0">(DE-588)4200279-5</subfield><subfield code="2">gnd</subfield></datafield><datafield ind1=" " ind2="7" tag="650"><subfield code="a">Wirtschaftsunion</subfield><subfield code="0">(DE-588)4190078-9</subfield><subfield code="2">gnd</subfield></datafield><datafield ind1=" " ind2="7" tag="650"><subfield code="a">Zollunion</subfield><subfield code="0">(DE-588)4191030-8</subfield><subfield code="2">gnd</subfield></datafield><datafield ind1=" " ind2="7" tag="650"><subfield code="a">Handelspolitik</subfield><subfield code="0">(DE-588)4023248-7</subfield><subfield code="2">gnd</subfield></datafield><datafield ind1=" " ind2="7" tag="650"><subfield code="a">Weltwirtschaftsordnung</subfield><subfield code="0">(DE-588)4065472-2</subfield><subfield code="2">gnd</subfield></datafield><datafield ind1=" " ind2="7" tag="650"><subfield code="a">Wirtschaftliche Integration</subfield><subfield code="0">(DE-588)4066410-7</subfield><subfield code="2">gnd</subfield></datafield><datafield ind1=" " ind2=" " tag="690"><subfield code="a">120c</subfield><subfield code="d">Wirtschaftstheorien</subfield><subfield code="2">uzb-UJ</subfield></datafield><datafield ind1=" " ind2=" " tag="690"><subfield code="a">121d</subfield><subfield code="d">Weltwirtschaft</subfield><subfield code="2">uzb-UJ</subfield></datafield><datafield ind1=" " ind2=" " tag="690"><subfield code="a">122e</subfield><subfield code="d">Handel, Handelspolitik, Aussenwirtschaftsbeziehungen</subfield><subfield code="2">uzb-UJ</subfield></datafield><datafield ind1=" " ind2=" " tag="690"><subfield code="a">Integration; Ökonomie; Produktion; Zollunion; Freihandelszone; Mobilität; Industriepolitik; Regionalpolitik; Kommission; Wirtschaftsunion; Asien; Messung; Schweiz; Verteilung; internationale Wirtschaftshilfe; Akronym; Cluster; Dienstleistung; Folge; Index; Kapital; Kosten; Nutzen; Schema; Standorttheorie; Einheit; EU-Erweiterung; Verzeichnis; Zukunft</subfield><subfield code="2">idssg-J</subfield></datafield><datafield ind1=" " ind2=" " tag="690"><subfield code="a">Währungsintegration; Integrationsschema; Literaturverzeichnis; Forschungsthema; Handelshemmnis; Handelssystem; Kittton; Schlussfolgerunge; Wirtschaftsdezernent</subfield><subfield code="2">idssg-J</subfield></datafield><datafield ind1=" " ind2=" " tag="690"><subfield code="a">europäische Union; gegenseitige Wirtschaftshilfe; gemeinsamer Haushalt; gemeinsamer Markt; international Wirtschafts; internationale Integration; multilaterales Handelssystem; nichttarifäres Handelshemmnis; optimaler Partner; räumliche Lage</subfield><subfield code="2">idssg-J</subfield></datafield><datafield ind1=" " ind2=" " tag="690"><subfield code="a">Europa C4E; Vereinigte Staaten C1USA; Pazifischer Ozean C0PACI; Schweiz C4EXSI; Italien C4EUIT; Deutschland C4EUGE; Asien C90ASI; Afrika C60AFR; Großbritannien C4EUUK; EU C4EU</subfield><subfield code="2">idssg-J</subfield></datafield><datafield ind1=" " ind2=" " tag="690"><subfield code="a">Cknowledgemen ts xvii; Europa Genf Schweiz Edward Elgar; international Integration Miroslav Jovanovic Wirtschaftsdezernent UNWirtschafts; Richard Lipsey Vll</subfield><subfield code="2">idssg-J</subfield></datafield><datafield ind1="1" ind2=" " tag="700"><subfield code="a">Jovanovic, Miroslav N.</subfield></datafield><datafield ind1="4" ind2=" " tag="856"><subfield code="3">Inhaltsverzeichnis</subfield><subfield code="u">https://www.ub.unibas.ch/tox/IDSLUZ/000673523/PDF</subfield><subfield code="q">pdf</subfield></datafield><datafield ind1=" " ind2=" " tag="900"><subfield code="a">IDSZ2zbzmon200610f</subfield><subfield code="c">IDSZ2baeh</subfield><subfield code="d">IDSZ2zbzswk200610b</subfield><subfield code="e">IDSZ2stet</subfield></datafield><datafield ind1=" " ind2=" " tag="949"><subfield code="a">https://www.ub.unibas.ch/tox/IDSLUZ/000673523/PDF</subfield></datafield><datafield ind1=" " ind2=" " tag="961"><subfield code="2">gsi</subfield><subfield code="a">339.922</subfield><subfield code="9">LOCAL</subfield></datafield></record>
</metadata></record>