<record><header><identifier>oai:alma.41SLSP_UGE:991000026989705502</identifier><datestamp>2023-03-01T01:08:55Z</datestamp><setSpec>uge_bcen_RapidILL_BOOK</setSpec><setSpec>uge_aaca_RapidILL_BOOK</setSpec><setSpec>uge_abels_RapidILL_BOOK</setSpec><setSpec>uge_dbu_RapidILL_BOOK</setSpec><setSpec>uge_cmu_RapidILL_BOOK</setSpec><setSpec>uge_mail_RapidILL_BOOK</setSpec><setSpec>UNIGE_ALL</setSpec><setSpec>uge_abbat_RapidILL_BOOK</setSpec><setSpec>uge_aobs_RapidILL_BOOK</setSpec><setSpec>uge_acar_RapidILL_BOOK</setSpec></header><metadata>
<record xmlns="http://www.loc.gov/MARC21/slim" xmlns:xsi="http://www.w3.org/2001/XMLSchema-instance" xsi:schemaLocation="http://www.loc.gov/MARC21/slim http://www.loc.gov/standards/marcxml/schema/MARC21slim.xsd"><leader>01056naa a2200241 c 4500</leader><controlfield tag="001">991000026989705502</controlfield><controlfield tag="005">20211114201709.0</controlfield><controlfield tag="008">960213s1996    xxk||||| |||| 00| ||eng d</controlfield><datafield ind1=" " ind2=" " tag="035"><subfield code="a">(swissbib)090903277-41slsp_network</subfield></datafield><datafield ind1=" " ind2=" " tag="035"><subfield code="a">090903277</subfield><subfield code="9">ExL</subfield></datafield><datafield ind1=" " ind2=" " tag="035"><subfield code="a">(RERO)2152481-41slsp</subfield></datafield><datafield ind1=" " ind2=" " tag="035"><subfield code="a">(EXLNZ-41SLSP_NETWORK)991050232049705501</subfield></datafield><datafield ind1=" " ind2=" " tag="040"><subfield code="a">RERO geussc</subfield><subfield code="d">CH-ZuSLS</subfield></datafield><datafield ind1=" " ind2="7" tag="072"><subfield code="a">ch</subfield><subfield code="2">rero</subfield></datafield><datafield ind1="0" ind2="0" tag="245"><subfield code="a">Structures and absolute configurations of the marine toxins Latrunculin A and Laulimalide</subfield><subfield code="c">Charles W. Jefford... [et al.]</subfield></datafield><datafield ind1=" " ind2=" " tag="336"><subfield code="b">txt</subfield><subfield code="2">rdacontent</subfield></datafield><datafield ind1=" " ind2=" " tag="337"><subfield code="b">n</subfield><subfield code="2">rdamedia</subfield></datafield><datafield ind1=" " ind2=" " tag="338"><subfield code="b">nc</subfield><subfield code="2">rdacarrier</subfield></datafield><datafield ind1=" " ind2=" " tag="508"><subfield code="a">Autres auteurs: Gérald Bernardinelli, Jun-ichi Tanaka et Tatsuo Higa</subfield></datafield><datafield ind1=" " ind2=" " tag="580"><subfield code="a">In: Tetrahedron letters. - Oxford. - Vol. 37(1996), no. 2, p. 159-162</subfield></datafield><datafield ind1="1" ind2=" " tag="700"><subfield code="a">Jefford, Charles W.</subfield><subfield code="d">19..-....</subfield><subfield code="0">(IDREF)224816071</subfield></datafield><datafield ind1="1" ind2=" " tag="700"><subfield code="a">Bernardinelli, Gérald</subfield><subfield code="0">(IDREF)256929963</subfield></datafield><datafield ind1="0" ind2=" " tag="773"><subfield code="t">Tetrahedron letters : the international organ for the rapid publication of preliminary communications in organic chemistry</subfield><subfield code="g">1996/159</subfield><subfield code="g">yr:1996</subfield><subfield code="w">(RERO)0170486-41slsp</subfield></datafield><datafield ind1=" " ind2=" " tag="900"><subfield code="a">REROnoselfmerge</subfield></datafield></record>
</metadata></record>