<record><header><identifier>oai:alma.41SLSP_UGE:991000026879705502</identifier><datestamp>2023-03-01T01:08:55Z</datestamp><setSpec>uge_bcen_RapidILL_BOOK</setSpec><setSpec>uge_aaca_RapidILL_BOOK</setSpec><setSpec>uge_abels_RapidILL_BOOK</setSpec><setSpec>uge_dbu_RapidILL_BOOK</setSpec><setSpec>uge_cmu_RapidILL_BOOK</setSpec><setSpec>uge_mail_RapidILL_BOOK</setSpec><setSpec>UNIGE_ALL</setSpec><setSpec>uge_abbat_RapidILL_BOOK</setSpec><setSpec>uge_aobs_RapidILL_BOOK</setSpec><setSpec>uge_acar_RapidILL_BOOK</setSpec></header><metadata>
<record xmlns="http://www.loc.gov/MARC21/slim" xmlns:xsi="http://www.w3.org/2001/XMLSchema-instance" xsi:schemaLocation="http://www.loc.gov/MARC21/slim http://www.loc.gov/standards/marcxml/schema/MARC21slim.xsd"><leader>01519nam a2200397 c 4500</leader><controlfield tag="001">991000026879705502</controlfield><controlfield tag="005">20201126052831.0</controlfield><controlfield tag="008">201011s1980    it ||||| |||| 00| ||ita d</controlfield><datafield ind1=" " ind2=" " tag="035"><subfield code="a">(swissbib)224238795-41slsp_network</subfield></datafield><datafield ind1=" " ind2=" " tag="035"><subfield code="a">224238795</subfield><subfield code="9">ExL</subfield></datafield><datafield ind1=" " ind2=" " tag="035"><subfield code="a">(RERO)0429863-41slsp</subfield></datafield><datafield ind1=" " ind2=" " tag="035"><subfield code="a">(NEBIS)010551970EBI01</subfield></datafield><datafield ind1=" " ind2=" " tag="035"><subfield code="a">(EXLNZ-41SLSP_NETWORK)991096402359705501</subfield></datafield><datafield ind1=" " ind2=" " tag="040"><subfield code="a">RERO</subfield><subfield code="d">CH-ZuSLS</subfield></datafield><datafield ind1="1" ind2=" " tag="041"><subfield code="a">ita</subfield><subfield code="h">grc</subfield></datafield><datafield ind1=" " ind2="7" tag="072"><subfield code="a">gr</subfield><subfield code="2">rero</subfield></datafield><datafield ind1=" " ind2="7" tag="072"><subfield code="a">ha</subfield><subfield code="2">rero</subfield></datafield><datafield ind1="1" ind2=" " tag="080"><subfield code="a">875.09-94</subfield></datafield><datafield ind1="0" ind2=" " tag="100"><subfield code="a">Hellanicus</subfield><subfield code="c">Lesbius</subfield><subfield code="d">ca. v5. Jh.</subfield><subfield code="0">(DE-588)101004001</subfield><subfield code="6">880-01</subfield></datafield><datafield ind1="0" ind2=" " tag="880"><subfield code="a">Hellanicus</subfield><subfield code="0">(RERO)A003360962</subfield><subfield code="4">cre</subfield><subfield code="6">100-01</subfield></datafield><datafield ind1="1" ind2="0" tag="245"><subfield code="a">&lt;&lt;L'&gt;&gt;opera storiografica di Ellanico di Lesbo</subfield><subfield code="c">di Delfino Ambaglio. Gli Ebrei e lo stato pagano in Filone e in Giuseppe / di Lucio Troiani</subfield></datafield><datafield ind1=" " ind2="1" tag="264"><subfield code="a">Pisa</subfield><subfield code="b">Giardini</subfield><subfield code="c">1980</subfield></datafield><datafield ind1=" " ind2=" " tag="300"><subfield code="a">218 p.</subfield><subfield code="c">26 cm</subfield></datafield><datafield ind1=" " ind2=" " tag="336"><subfield code="b">txt</subfield><subfield code="2">rdacontent</subfield></datafield><datafield ind1=" " ind2=" " tag="337"><subfield code="b">n</subfield><subfield code="2">rdamedia</subfield></datafield><datafield ind1=" " ind2=" " tag="338"><subfield code="b">nc</subfield><subfield code="2">rdacarrier</subfield></datafield><datafield ind1="1" ind2=" " tag="490"><subfield code="a">Ricerche di storiografia antica</subfield><subfield code="v">2</subfield></datafield><datafield ind1="1" ind2=" " tag="490"><subfield code="a">Biblioteca di studi antichi</subfield><subfield code="v">24</subfield></datafield><datafield ind1="1" ind2=" " tag="700"><subfield code="a">Ambaglio, Delfino</subfield></datafield><datafield ind1="1" ind2=" " tag="700"><subfield code="a">Troiani, Lucio</subfield><subfield code="d">1947-</subfield><subfield code="0">(DE-588)1072572346</subfield></datafield><datafield ind1="1" ind2=" " tag="700"><subfield code="a">Ambaglio, Delfino</subfield><subfield code="d">1950-2008</subfield><subfield code="0">(IDREF)028362004</subfield></datafield><datafield ind1="0" ind2="2" tag="740"><subfield code="a">&lt;&lt;Gli&gt;&gt; Ebrei e lo stato pagano in Filone e in Giuseppe</subfield></datafield><datafield ind1=" " ind2=" " tag="830"><subfield code="a">Biblioteca di studi antichi</subfield><subfield code="v">24</subfield><subfield code="w">(RERO)0245769-41slsp</subfield></datafield><datafield ind1=" " ind2=" " tag="830"><subfield code="a">Ricerche di Storiografia Antica</subfield><subfield code="v">2</subfield><subfield code="w">(RERO)0429862-41slsp</subfield></datafield><datafield ind1=" " ind2=" " tag="830"><subfield code="a">Ricerche di storiografia antica</subfield><subfield code="v">2</subfield><subfield code="w">(NEBIS)010551964EBI01</subfield></datafield><datafield ind1=" " ind2=" " tag="830"><subfield code="a">Biblioteca di studi antichi</subfield><subfield code="v">24</subfield><subfield code="w">(NEBIS)000973521EBI01</subfield></datafield><datafield ind1=" " ind2=" " tag="900"><subfield code="a">REROnoselfmerge</subfield></datafield></record>
</metadata></record>