<record><header><identifier>oai:alma.41SLSP_UGE:991000027289705502</identifier><datestamp>2024-10-26T00:20:17Z</datestamp><setSpec>uge_bcen_RapidILL_BOOK</setSpec><setSpec>uge_aaca_RapidILL_BOOK</setSpec><setSpec>uge_abels_RapidILL_BOOK</setSpec><setSpec>uge_dbu_RapidILL_BOOK</setSpec><setSpec>uge_cmu_RapidILL_BOOK</setSpec><setSpec>uge_mail_RapidILL_BOOK</setSpec><setSpec>uge_abbat_RapidILL_BOOK</setSpec><setSpec>UNIGE_ALL</setSpec><setSpec>uge_aobs_RapidILL_BOOK</setSpec><setSpec>uge_acar_RapidILL_BOOK</setSpec></header><metadata>
<record xmlns="http://www.loc.gov/MARC21/slim" xmlns:xsi="http://www.w3.org/2001/XMLSchema-instance" xsi:schemaLocation="http://www.loc.gov/MARC21/slim http://www.loc.gov/standards/marcxml/schema/MARC21slim.xsd"><leader>01782nam a2200409 c 4500</leader><controlfield tag="001">991000027289705502</controlfield><controlfield tag="005">20230320185718.0</controlfield><controlfield tag="008">130822s2013    au ||||| |||| 00| ||ger d</controlfield><datafield ind1=" " ind2=" " tag="020"><subfield code="a">390030565X</subfield><subfield code="q">hd.bd.</subfield></datafield><datafield ind1=" " ind2=" " tag="020"><subfield code="a">9783900305659</subfield><subfield code="q">hd.bd.</subfield></datafield><datafield ind1=" " ind2=" " tag="035"><subfield code="a">(swissbib)117954993-41slsp_network</subfield></datafield><datafield ind1=" " ind2=" " tag="035"><subfield code="a">117954993</subfield><subfield code="9">ExL</subfield></datafield><datafield ind1=" " ind2=" " tag="035"><subfield code="a">(RERO)R007450162-41slsp</subfield></datafield><datafield ind1=" " ind2=" " tag="035"><subfield code="a">(EXLNZ-41SLSP_NETWORK)991018552809705501</subfield></datafield><datafield ind1=" " ind2=" " tag="040"><subfield code="a">OHX</subfield><subfield code="d">CH-ZuSLS</subfield></datafield><datafield ind1=" " ind2="7" tag="072"><subfield code="a">ar</subfield><subfield code="2">rero</subfield></datafield><datafield ind1="1" ind2=" " tag="080"><subfield code="a">904(384)</subfield></datafield><datafield ind1="1" ind2=" " tag="100"><subfield code="a">Konecny, Andreas</subfield><subfield code="d">1957-....</subfield><subfield code="0">(IDREF)08756226X</subfield><subfield code="4">cre</subfield></datafield><datafield ind1="1" ind2="0" tag="245"><subfield code="a">Plataiai</subfield><subfield code="b">Archäologie und Geschichte einer boiotischen Polis</subfield><subfield code="c">Andreas Konecny, Vassilis Aravantinos, Ron Marchese ; mit Beiträgen von Michael J. Boyd... [et al.]</subfield></datafield><datafield ind1=" " ind2="1" tag="264"><subfield code="a">Wien</subfield><subfield code="b">Österreichisches Archäologisches Institut</subfield><subfield code="c">2013</subfield></datafield><datafield ind1=" " ind2=" " tag="300"><subfield code="a">479 p., 4 fold. leaves of plates</subfield><subfield code="b">ill.</subfield><subfield code="c">31 cm</subfield></datafield><datafield ind1=" " ind2=" " tag="336"><subfield code="b">txt</subfield><subfield code="2">rdacontent</subfield></datafield><datafield ind1=" " ind2=" " tag="337"><subfield code="b">n</subfield><subfield code="2">rdamedia</subfield></datafield><datafield ind1=" " ind2=" " tag="338"><subfield code="b">nc</subfield><subfield code="2">rdacarrier</subfield></datafield><datafield ind1="1" ind2=" " tag="490"><subfield code="a">Sonderschriften / Österreichisches Archäologisches Institut in Wien</subfield><subfield code="v">Bd. 48</subfield></datafield><datafield ind1=" " ind2=" " tag="500"><subfield code="a">Summaries in German, English and Greek</subfield></datafield><datafield ind1=" " ind2=" " tag="504"><subfield code="a">Includes bibliographical references</subfield></datafield><datafield ind1=" " ind2="7" tag="650"><subfield code="a">Antiquité</subfield><subfield code="0">(IDREF)027789888</subfield><subfield code="2">idref</subfield></datafield><datafield ind1=" " ind2="7" tag="650"><subfield code="a">Antiquités grecques</subfield><subfield code="0">(IDREF)028678907</subfield><subfield code="2">idref</subfield></datafield><datafield ind1=" " ind2="7" tag="650"><subfield code="a">Histoire ancienne</subfield><subfield code="0">(IDREF)027807932</subfield><subfield code="2">idref</subfield></datafield><datafield ind1=" " ind2="7" tag="650"><subfield code="a">Fouilles archéologiques</subfield><subfield code="0">(IDREF)027264874</subfield><subfield code="2">idref</subfield></datafield><datafield ind1=" " ind2="7" tag="651"><subfield code="a">Platées (Grèce)</subfield><subfield code="0">(RERO)A010133054</subfield><subfield code="2">rero</subfield></datafield><datafield ind1="1" ind2=" " tag="700"><subfield code="a">Aravantinos, Vasilis L.</subfield><subfield code="d">1950-....</subfield><subfield code="0">(IDREF)06826612X</subfield></datafield><datafield ind1="1" ind2=" " tag="700"><subfield code="a">Marchese, Ronald T.</subfield><subfield code="d">1947-....</subfield><subfield code="0">(IDREF)085909742</subfield></datafield><datafield ind1="1" ind2=" " tag="700"><subfield code="a">Boyd, Michael J.</subfield><subfield code="d">1970-....</subfield><subfield code="0">(IDREF)08793728X</subfield></datafield><datafield ind1=" " ind2=" " tag="830"><subfield code="a">Sonderschriften / Österreichisches Archäologisches Institut in Wien</subfield><subfield code="v">48</subfield><subfield code="w">(RERO)0084556-41slsp</subfield></datafield><datafield ind1=" " ind2=" " tag="900"><subfield code="a">REROnoselfmerge</subfield></datafield><datafield ind1=" " ind2=" " tag="910"><subfield code="a">OCoLC</subfield><subfield code="b">20130822</subfield><subfield code="c">Droits réservés</subfield></datafield></record>
</metadata></record>