<record><header><identifier>oai:alma.41SLSP_UGE:991000026769705502</identifier><datestamp>2024-11-15T01:09:55Z</datestamp><setSpec>uge_bcen_RapidILL_BOOK</setSpec><setSpec>uge_aaca_RapidILL_BOOK</setSpec><setSpec>uge_abels_RapidILL_BOOK</setSpec><setSpec>uge_dbu_RapidILL_BOOK</setSpec><setSpec>uge_cmu_RapidILL_BOOK</setSpec><setSpec>uge_mail_RapidILL_BOOK</setSpec><setSpec>uge_abbat_RapidILL_BOOK</setSpec><setSpec>UNIGE_ALL</setSpec><setSpec>uge_acar_RapidILL_BOOK</setSpec><setSpec>uge_aobs_RapidILL_BOOK</setSpec></header><metadata>
<record xmlns="http://www.loc.gov/MARC21/slim" xmlns:xsi="http://www.w3.org/2001/XMLSchema-instance" xsi:schemaLocation="http://www.loc.gov/MARC21/slim http://www.loc.gov/standards/marcxml/schema/MARC21slim.xsd"><leader>01906nam a2200385 ca4500</leader><controlfield tag="001">991000026769705502</controlfield><controlfield tag="005">20241114155708.0</controlfield><controlfield tag="008">201011m18671870gw ||||| |||| 00| ||grc d</controlfield><datafield ind1=" " ind2=" " tag="035"><subfield code="a">(swissbib)216015502-41slsp_network</subfield></datafield><datafield ind1=" " ind2=" " tag="035"><subfield code="a">216015502</subfield><subfield code="9">ExL</subfield></datafield><datafield ind1=" " ind2=" " tag="035"><subfield code="a">(RERO)0241392-41slsp</subfield></datafield><datafield ind1=" " ind2=" " tag="035"><subfield code="a">(IDSBB)002273824DSV01</subfield></datafield><datafield ind1=" " ind2=" " tag="035"><subfield code="a">(EXLNZ-41SLSP_NETWORK)991142575379705501</subfield></datafield><datafield ind1=" " ind2=" " tag="040"><subfield code="a">RERO</subfield><subfield code="d">CH-ZuSLS</subfield></datafield><datafield ind1=" " ind2="7" tag="072"><subfield code="a">gr</subfield><subfield code="2">rero</subfield></datafield><datafield ind1="1" ind2=" " tag="100"><subfield code="a">Herodianus, Aelius</subfield><subfield code="d">ca. 2. Jh.</subfield><subfield code="0">(DE-588)11870379X</subfield><subfield code="6">880-01</subfield></datafield><datafield ind1="1" ind2=" " tag="880"><subfield code="6">100-01</subfield><subfield code="a">Hérodien</subfield><subfield code="c">grammairien</subfield><subfield code="d">01..-01..</subfield><subfield code="0">(IDREF)032625073</subfield><subfield code="4">cre</subfield></datafield><datafield ind1="1" ind2="0" tag="245"><subfield code="a">Herodiani Technici reliquiae</subfield><subfield code="c">collegit, disposuit, emendavit, explicavit, praefatus est Augustus Lentz</subfield></datafield><datafield ind1=" " ind2="1" tag="264"><subfield code="a">Lipsiae</subfield><subfield code="b">in aed. B.G. Teubneri</subfield><subfield code="c">1867-1870</subfield></datafield><datafield ind1=" " ind2=" " tag="300"><subfield code="a">2 t. en 3 vol.</subfield><subfield code="c">26 cm</subfield></datafield><datafield ind1=" " ind2=" " tag="336"><subfield code="b">txt</subfield><subfield code="2">rdacontent</subfield></datafield><datafield ind1=" " ind2=" " tag="337"><subfield code="b">n</subfield><subfield code="2">rdamedia</subfield></datafield><datafield ind1=" " ind2=" " tag="338"><subfield code="b">nc</subfield><subfield code="2">rdacarrier</subfield></datafield><datafield ind1="1" ind2=" " tag="490"><subfield code="a">Grammatici Graeci</subfield><subfield code="v">pars 3</subfield></datafield><datafield ind1=" " ind2=" " tag="500"><subfield code="a">Texte griech., Vorw. lat.</subfield></datafield><datafield ind1="0" ind2="0" tag="505"><subfield code="g">Vol. 1:</subfield><subfield code="t">Praefationem et Herodiani prosodiam catholicam continens. - CCXXVII, 564 p</subfield></datafield><datafield ind1="0" ind2="0" tag="505"><subfield code="g">Vol. 2, fasc. 1:</subfield><subfield code="t">Reliqua scripta prosodiaca pathologiam orthographica continens. - 611 p</subfield></datafield><datafield ind1="0" ind2="0" tag="505"><subfield code="g">Vol. 2, fasc. 2:</subfield><subfield code="t">Scripta de nominibus verbis pronominibus adverbiis et librum monadicorum continens : accedunt indices / ab Arthuro Ludwich confecti. - VI p., p. 612-1264</subfield></datafield><datafield ind1="1" ind2=" " tag="700"><subfield code="a">Lentz, August</subfield><subfield code="d">1820-1868</subfield><subfield code="0">(DE-588)116910461</subfield><subfield code="6">880-02</subfield></datafield><datafield ind1="1" ind2=" " tag="880"><subfield code="6">700-02</subfield><subfield code="a">Lentz, August</subfield><subfield code="d">1820-1868</subfield><subfield code="0">(IDREF)081323980</subfield></datafield><datafield ind1="0" ind2="8" tag="776"><subfield code="i">Publié également comme</subfield><subfield code="n">édition en ligne</subfield><subfield code="t">Herodiani Technici reliquiae</subfield><subfield code="w">991171998027305501</subfield></datafield><datafield ind1=" " ind2=" " tag="830"><subfield code="a">Grammatici Graeci</subfield><subfield code="v">3</subfield><subfield code="w">(RERO)0237933-41slsp</subfield></datafield><datafield ind1="4" ind2="1" tag="856"><subfield code="u">http://books.google.ch/books?vid=BCUL1092298358</subfield><subfield code="z">[VOL. 1]</subfield><subfield code="z">Googlos 2007-2009</subfield></datafield><datafield ind1="4" ind2="1" tag="856"><subfield code="u">http://books.google.ch/books?vid=BCUL1092298359</subfield><subfield code="z">VOL. 2/1</subfield><subfield code="z">Googlos 2007-2009</subfield></datafield><datafield ind1="4" ind2="1" tag="856"><subfield code="u">http://books.google.ch/books?vid=BCUL1094097223</subfield><subfield code="z">VOL. 2/2</subfield><subfield code="z">Googlos 2007-2009</subfield></datafield><datafield ind1=" " ind2=" " tag="900"><subfield code="a">REROnoselfmerge</subfield></datafield></record>
</metadata></record>