<record><header><identifier>oai:alma.41SLSP_UGE:991000027499705502</identifier><datestamp>2024-03-09T01:37:33Z</datestamp><setSpec>uge_bcen_RapidILL_BOOK</setSpec><setSpec>uge_aaca_RapidILL_BOOK</setSpec><setSpec>uge_abels_RapidILL_BOOK</setSpec><setSpec>uge_dbu_RapidILL_BOOK</setSpec><setSpec>uge_cmu_RapidILL_BOOK</setSpec><setSpec>uge_mail_RapidILL_BOOK</setSpec><setSpec>uge_abbat_RapidILL_BOOK</setSpec><setSpec>UNIGE_ALL</setSpec><setSpec>uge_acar_RapidILL_BOOK</setSpec><setSpec>uge_aobs_RapidILL_BOOK</setSpec></header><metadata>
<record xmlns="http://www.loc.gov/MARC21/slim" xmlns:xsi="http://www.w3.org/2001/XMLSchema-instance" xsi:schemaLocation="http://www.loc.gov/MARC21/slim http://www.loc.gov/standards/marcxml/schema/MARC21slim.xsd"><leader>02482nam a2200637 c 4500</leader><controlfield tag="001">991000027499705502</controlfield><controlfield tag="005">20240308051933.0</controlfield><controlfield tag="008">201012t19911991gw ||||| |||| 00| ||ger d</controlfield><datafield ind1=" " ind2=" " tag="020"><subfield code="a">3770527348</subfield></datafield><datafield ind1=" " ind2=" " tag="035"><subfield code="a">(swissbib)240770064-41slsp_network</subfield></datafield><datafield ind1=" " ind2=" " tag="035"><subfield code="a">240770064</subfield><subfield code="9">ExL</subfield></datafield><datafield ind1=" " ind2=" " tag="035"><subfield code="a">(RERO)1683199-41slsp</subfield></datafield><datafield ind1=" " ind2=" " tag="035"><subfield code="a">(IDSBB)001015626DSV01</subfield></datafield><datafield ind1=" " ind2=" " tag="035"><subfield code="a">(NEBIS)001893053EBI01</subfield></datafield><datafield ind1=" " ind2=" " tag="035"><subfield code="a">(IDSLU)000119637ILU01</subfield></datafield><datafield ind1=" " ind2=" " tag="035"><subfield code="a">(ABN)000628432ABN01</subfield></datafield><datafield ind1=" " ind2=" " tag="035"><subfield code="a">(EXLNZ-41SLSP_NETWORK)991101251159705501</subfield></datafield><datafield ind1=" " ind2=" " tag="040"><subfield code="a">RERO frbcuc</subfield><subfield code="d">CH-ZuSLS</subfield></datafield><datafield ind1=" " ind2="7" tag="072"><subfield code="a">mu</subfield><subfield code="2">rero</subfield></datafield><datafield ind1=" " ind2="7" tag="072"><subfield code="a">mu</subfield><subfield code="2">SzZuIDS BS/BE</subfield></datafield><datafield ind1=" " ind2="7" tag="072"><subfield code="a">480</subfield><subfield code="2">IDS LU</subfield></datafield><datafield ind1="0" ind2="0" tag="082"><subfield code="a">784.2/62</subfield><subfield code="2">20</subfield></datafield><datafield ind1="1" ind2="4" tag="082"><subfield code="a">780</subfield><subfield code="2">15</subfield></datafield><datafield ind1=" " ind2=" " tag="084"><subfield code="a">LP 19900</subfield><subfield code="2">rvk</subfield></datafield><datafield ind1=" " ind2=" " tag="084"><subfield code="a">LP 40432</subfield><subfield code="2">rvk</subfield></datafield><datafield ind1="1" ind2=" " tag="100"><subfield code="a">Bockholdt, Rudolf</subfield><subfield code="d">1930-2007</subfield><subfield code="0">(DE-588)119031302</subfield><subfield code="6">880-01</subfield></datafield><datafield ind1="1" ind2=" " tag="880"><subfield code="6">100-01</subfield><subfield code="a">Bockholdt, Rudolf</subfield><subfield code="d">1930-....</subfield><subfield code="0">(IDREF)030261961</subfield><subfield code="4">cre</subfield></datafield><datafield ind1="1" ind2="0" tag="245"><subfield code="a">Wolfgang Amadeus Mozart</subfield><subfield code="b">Klavierkonzert D-Dur KV 451</subfield><subfield code="c">Rudolf Bockholdt</subfield></datafield><datafield ind1="1" ind2=" " tag="246"><subfield code="a">Mozart: Klavierkonzert D-Dur KV 451</subfield></datafield><datafield ind1=" " ind2="1" tag="264"><subfield code="a">München</subfield><subfield code="b">W. Fink</subfield><subfield code="c">[1991]</subfield></datafield><datafield ind1=" " ind2="4" tag="264"><subfield code="c">© 1991</subfield></datafield><datafield ind1=" " ind2=" " tag="300"><subfield code="a">84 S.</subfield><subfield code="b">Abb.</subfield><subfield code="c">19 cm</subfield><subfield code="e">1 Faltbl. ([4] S.)</subfield></datafield><datafield ind1=" " ind2=" " tag="336"><subfield code="b">txt</subfield><subfield code="2">rdacontent</subfield></datafield><datafield ind1=" " ind2=" " tag="337"><subfield code="b">n</subfield><subfield code="2">rdamedia</subfield></datafield><datafield ind1=" " ind2=" " tag="338"><subfield code="b">nc</subfield><subfield code="2">rdacarrier</subfield></datafield><datafield ind1="1" ind2=" " tag="490"><subfield code="a">Meisterwerke der Musik</subfield><subfield code="v">H. 59</subfield></datafield><datafield ind1=" " ind2=" " tag="500"><subfield code="a">Umschlagtitel: Mozart: Klavierkonzert D-Dur KV 451</subfield></datafield><datafield ind1=" " ind2=" " tag="504"><subfield code="a">Literaturverz.</subfield></datafield><datafield ind1="1" ind2="7" tag="600"><subfield code="a">Mozart, Wolfgang Amadeus.</subfield><subfield code="t">Concerto pour piano KV 451</subfield><subfield code="0">(RERO)A010120489</subfield><subfield code="2">rero</subfield></datafield><datafield ind1="1" ind2="7" tag="600"><subfield code="a">Mozart, Wolfgang Amadeus</subfield><subfield code="x">Klavierkonzert</subfield><subfield code="2">idsbb</subfield></datafield><datafield ind1="1" ind2="7" tag="600"><subfield code="a">Mozart, Wolfgang Amadeus</subfield><subfield code="d">1756-1791</subfield><subfield code="0">(DE-588)118584596</subfield><subfield code="2">gnd</subfield></datafield><datafield ind1="1" ind2="7" tag="600"><subfield code="a">Mozart, Wolfgang Amadeus; Konzert, Klavier Orchester KV 451</subfield><subfield code="2">idszbz</subfield></datafield><datafield ind1="1" ind2="0" tag="600"><subfield code="a">Mozart, Wolfgang Amadeus</subfield><subfield code="d">1756-1791</subfield><subfield code="t">Concertos</subfield><subfield code="m">piano, orchestra</subfield><subfield code="n">K. 451</subfield><subfield code="r">D major</subfield></datafield><datafield ind1="1" ind2="4" tag="600"><subfield code="a">Mozart, Wolfgang Amadeus</subfield><subfield code="d">1756-1791</subfield><subfield code="0">(DE-588)118584596</subfield></datafield><datafield ind1="1" ind2="7" tag="600"><subfield code="a">Mozart, Wolfgang Amadeus</subfield><subfield code="d">1756-1791</subfield><subfield code="t">Konzerte</subfield><subfield code="m">Klavier</subfield><subfield code="m">Orchester</subfield><subfield code="n">KV 451</subfield><subfield code="r">D-Dur</subfield><subfield code="0">(DE-588)300108923</subfield><subfield code="2">gnd</subfield></datafield><datafield ind1=" " ind2="7" tag="650"><subfield code="a">Konzert</subfield><subfield code="0">(DE-588)4032359-6</subfield><subfield code="2">gnd</subfield></datafield><datafield ind1=" " ind2="7" tag="650"><subfield code="a">Musikalische Analyse</subfield><subfield code="2">idszbz</subfield></datafield><datafield ind1=" " ind2="4" tag="650"><subfield code="a">Musikalische analys</subfield></datafield><datafield ind1=" " ind2="7" tag="655"><subfield code="y">17. Jh.</subfield><subfield code="2">idsmusg</subfield></datafield><datafield ind1=" " ind2=" " tag="690"><subfield code="a">Mozart, Wolfgang Amadeus</subfield><subfield code="2">ubs-A9</subfield></datafield><datafield ind1=" " ind2=" " tag="690"><subfield code="a">Instrumentalmusik Solokonzert 1750-1900</subfield><subfield code="2">ubs-A9</subfield></datafield><datafield ind1=" " ind2=" " tag="690"><subfield code="a">17. Jh.</subfield><subfield code="2">nebis-E4</subfield></datafield><datafield ind1=" " ind2=" " tag="690"><subfield code="a">Mozart, Wolfgang Amadeus (1756-1791)</subfield><subfield code="2">uzb-UV</subfield></datafield><datafield ind1=" " ind2=" " tag="690"><subfield code="a">Konzert für Klavier</subfield><subfield code="2">uzb-UV</subfield></datafield><datafield ind1=" " ind2=" " tag="690"><subfield code="a">Analyse</subfield><subfield code="2">uzb-UV</subfield></datafield><datafield ind1=" " ind2=" " tag="830"><subfield code="a">Meisterwerke der Musik</subfield><subfield code="v">59</subfield><subfield code="w">(IDSLU)000134381ILU01</subfield></datafield><datafield ind1=" " ind2=" " tag="900"><subfield code="a">REROnoselfmerge</subfield></datafield><datafield ind1=" " ind2=" " tag="960"><subfield code="2">matmu</subfield><subfield code="a">Mozart, Wolfgang Amadeus</subfield><subfield code="9">LOCAL</subfield></datafield><datafield ind1=" " ind2=" " tag="960"><subfield code="2">matmu</subfield><subfield code="a">Vienne ; Classicisme ; XVIIIe ; Concertos ; Concerto pour piano ; Piano ; Analyse</subfield><subfield code="9">LOCAL</subfield></datafield></record>
</metadata></record>