<record><header><identifier>oai:alma.41SLSP_UGE:991000027519705502</identifier><datestamp>2024-10-30T01:15:37Z</datestamp><setSpec>uge_bcen_RapidILL_BOOK</setSpec><setSpec>uge_aaca_RapidILL_BOOK</setSpec><setSpec>uge_abels_RapidILL_BOOK</setSpec><setSpec>uge_dbu_RapidILL_BOOK</setSpec><setSpec>uge_cmu_RapidILL_BOOK</setSpec><setSpec>uge_mail_RapidILL_BOOK</setSpec><setSpec>uge_abbat_RapidILL_BOOK</setSpec><setSpec>UNIGE_ALL</setSpec><setSpec>uge_acar_RapidILL_BOOK</setSpec><setSpec>uge_aobs_RapidILL_BOOK</setSpec></header><metadata>
<record xmlns="http://www.loc.gov/MARC21/slim" xmlns:xsi="http://www.w3.org/2001/XMLSchema-instance" xsi:schemaLocation="http://www.loc.gov/MARC21/slim http://www.loc.gov/standards/marcxml/schema/MARC21slim.xsd"><leader>01642nam a2200421 ca4500</leader><controlfield tag="001">991000027519705502</controlfield><controlfield tag="005">20241029162957.0</controlfield><controlfield tag="008">201011s1900    gw ||||| |||| 00| ||ger d</controlfield><datafield ind1=" " ind2=" " tag="035"><subfield code="a">(swissbib)22084951X-41slsp_network</subfield></datafield><datafield ind1=" " ind2=" " tag="035"><subfield code="a">22084951X</subfield><subfield code="9">ExL</subfield></datafield><datafield ind1=" " ind2=" " tag="035"><subfield code="a">(RERO)0480452-41slsp</subfield></datafield><datafield ind1=" " ind2=" " tag="035"><subfield code="a">(IDSBB)003242915DSV01</subfield></datafield><datafield ind1=" " ind2=" " tag="035"><subfield code="a">(IDSLU)000602579ILU01</subfield></datafield><datafield ind1=" " ind2=" " tag="035"><subfield code="a">(EXLNZ-41SLSP_NETWORK)991054467639705501</subfield></datafield><datafield ind1=" " ind2=" " tag="040"><subfield code="a">RERO</subfield><subfield code="d">CH-ZuSLS</subfield></datafield><datafield ind1=" " ind2="7" tag="072"><subfield code="a">al</subfield><subfield code="2">rero</subfield></datafield><datafield ind1=" " ind2="7" tag="072"><subfield code="a">0</subfield><subfield code="2">IDS LU</subfield></datafield><datafield ind1="7" ind2="4" tag="082"><subfield code="a">830</subfield><subfield code="2">23sdnb</subfield></datafield><datafield ind1=" " ind2=" " tag="084"><subfield code="a">B</subfield><subfield code="2">23sdnb</subfield></datafield><datafield ind1="1" ind2=" " tag="100"><subfield code="6">880-01</subfield><subfield code="a">Ludwig, Otto</subfield><subfield code="d">1813-1865</subfield><subfield code="0">(RERO)A012312522</subfield><subfield code="4">cre</subfield></datafield><datafield ind1="1" ind2=" " tag="880"><subfield code="6">100-01</subfield><subfield code="a">Ludwig, Otto</subfield><subfield code="d">1813-1865</subfield><subfield code="0">(DE-588)118574973</subfield></datafield><datafield ind1="1" ind2="0" tag="240"><subfield code="a">Werke</subfield></datafield><datafield ind1="1" ind2="0" tag="245"><subfield code="a">Otto Ludwigs Werke</subfield><subfield code="b">in sechs Bänden</subfield><subfield code="c">hrsg. von Adolf Bartels ; mit Ludwigs Bildnis, einer Abbildung des Denkmals in Meiningen, einem Gedichte in Faksimile, sowie einer Biographie und Charakteristik Ludwigs</subfield></datafield><datafield ind1=" " ind2="1" tag="264"><subfield code="a">Leipzig</subfield><subfield code="b">M. Hesse</subfield><subfield code="c">[1900]</subfield></datafield><datafield ind1=" " ind2=" " tag="300"><subfield code="a">6 Bände</subfield><subfield code="b">Ill.</subfield><subfield code="c">8'</subfield></datafield><datafield ind1=" " ind2=" " tag="336"><subfield code="b">txt</subfield><subfield code="2">rdacontent</subfield></datafield><datafield ind1=" " ind2=" " tag="337"><subfield code="b">n</subfield><subfield code="2">rdamedia</subfield></datafield><datafield ind1=" " ind2=" " tag="338"><subfield code="b">nc</subfield><subfield code="2">rdacarrier</subfield></datafield><datafield ind1="0" ind2="0" tag="505"><subfield code="g">Bd. 1</subfield><subfield code="t">Biographie und Charakteristik</subfield><subfield code="t">Gedichte und Jugenddramen</subfield></datafield><datafield ind1="0" ind2="0" tag="505"><subfield code="g">Bd. 2</subfield><subfield code="t">Meisterdramen und Fragmente</subfield></datafield><datafield ind1="0" ind2="0" tag="505"><subfield code="g">Bd. 3</subfield><subfield code="t">Erzählungen</subfield></datafield><datafield ind1="0" ind2="0" tag="505"><subfield code="g">Bd. 4</subfield><subfield code="t">&lt;&lt;Die&gt;&gt; Heiteretei und ihr Widerspiel</subfield></datafield><datafield ind1="0" ind2="0" tag="505"><subfield code="g">Bd. 5</subfield><subfield code="t">Zwischen Himmel und Erde</subfield></datafield><datafield ind1="0" ind2="0" tag="505"><subfield code="g">Bd. 6</subfield><subfield code="t">Ausgewählte Studien und kritische Schriften</subfield></datafield><datafield ind1="1" ind2=" " tag="700"><subfield code="a">Bartels, Adolf</subfield><subfield code="d">1862-1945</subfield><subfield code="0">(IDREF)057123349</subfield></datafield><datafield ind1="1" ind2=" " tag="700"><subfield code="a">Speck, Georg</subfield><subfield code="d">1879-1965</subfield><subfield code="4">fmo</subfield><subfield code="0">(DE-588)1048414760</subfield><subfield code="5">Exemplar ZB Zürich</subfield></datafield><datafield ind1=" " ind2=" " tag="900"><subfield code="a">REROnoselfmerge</subfield></datafield><datafield ind1=" " ind2=" " tag="900"><subfield code="a">Stoppsignal FRED</subfield><subfield code="x">UZB/Z01/202409</subfield></datafield><datafield ind1=" " ind2=" " tag="900"><subfield code="a">OK_GND</subfield><subfield code="x">UZB/Z01/202409/boxm</subfield></datafield></record>
</metadata></record>