<record><header><identifier>oai:alma.41SLSP_UGE:991000027619705502</identifier><datestamp>2023-06-24T00:16:28Z</datestamp><setSpec>uge_bcen_RapidILL_BOOK</setSpec><setSpec>uge_aaca_RapidILL_BOOK</setSpec><setSpec>uge_abels_RapidILL_BOOK</setSpec><setSpec>uge_dbu_RapidILL_BOOK</setSpec><setSpec>uge_cmu_RapidILL_BOOK</setSpec><setSpec>uge_mail_RapidILL_BOOK</setSpec><setSpec>uge_abbat_RapidILL_BOOK</setSpec><setSpec>UNIGE_ALL</setSpec><setSpec>uge_acar_RapidILL_BOOK</setSpec><setSpec>uge_aobs_RapidILL_BOOK</setSpec></header><metadata>
<record xmlns="http://www.loc.gov/MARC21/slim" xmlns:xsi="http://www.w3.org/2001/XMLSchema-instance" xsi:schemaLocation="http://www.loc.gov/MARC21/slim http://www.loc.gov/standards/marcxml/schema/MARC21slim.xsd"><leader>01101nam a2200313 c 4500</leader><controlfield tag="001">991000027619705502</controlfield><controlfield tag="005">20201229222047.0</controlfield><controlfield tag="008">201011s1961    vc ||||| |||| 00| ||ita d</controlfield><datafield ind1=" " ind2=" " tag="035"><subfield code="a">(swissbib)21353357X-41slsp_network</subfield></datafield><datafield ind1=" " ind2=" " tag="035"><subfield code="a">21353357X</subfield><subfield code="9">ExL</subfield></datafield><datafield ind1=" " ind2=" " tag="035"><subfield code="a">(RERO)1377400-41slsp</subfield></datafield><datafield ind1=" " ind2=" " tag="035"><subfield code="a">(NEBIS)008887146EBI01</subfield></datafield><datafield ind1=" " ind2=" " tag="035"><subfield code="a">(EXLNZ-41SLSP_NETWORK)991020318449705501</subfield></datafield><datafield ind1=" " ind2=" " tag="040"><subfield code="a">RERO geussm</subfield><subfield code="d">CH-ZuSLS</subfield></datafield><datafield ind1=" " ind2="7" tag="072"><subfield code="a">ma</subfield><subfield code="2">rero</subfield></datafield><datafield ind1=" " ind2=" " tag="084"><subfield code="a">14</subfield><subfield code="2">msc</subfield></datafield><datafield ind1="1" ind2=" " tag="100"><subfield code="a">Severi, Francesco</subfield><subfield code="c">mathématicien</subfield><subfield code="d">1879-1961</subfield><subfield code="0">(IDREF)032358849</subfield><subfield code="4">cre</subfield></datafield><datafield ind1="1" ind2="0" tag="245"><subfield code="a">Funzioni quasi abeliane</subfield><subfield code="c">Francesco Severi</subfield></datafield><datafield ind1=" " ind2=" " tag="250"><subfield code="a">Seconda edizione ampliata</subfield></datafield><datafield ind1=" " ind2="1" tag="264"><subfield code="a">Civitate vaticana</subfield><subfield code="b">ex aedibus Academicis</subfield><subfield code="c">1961</subfield></datafield><datafield ind1=" " ind2=" " tag="300"><subfield code="a">406 p.</subfield><subfield code="b">ill.</subfield><subfield code="c">25 cm</subfield></datafield><datafield ind1=" " ind2=" " tag="336"><subfield code="b">txt</subfield><subfield code="2">rdacontent</subfield></datafield><datafield ind1=" " ind2=" " tag="337"><subfield code="b">n</subfield><subfield code="2">rdamedia</subfield></datafield><datafield ind1=" " ind2=" " tag="338"><subfield code="b">nc</subfield><subfield code="2">rdacarrier</subfield></datafield><datafield ind1="1" ind2=" " tag="490"><subfield code="a">Pontificiae academiae scientiarum scripta varia</subfield><subfield code="v">20</subfield></datafield><datafield ind1=" " ind2=" " tag="500"><subfield code="a">Geschenk von Prof. J. J. Burckhardt</subfield></datafield><datafield ind1=" " ind2=" " tag="830"><subfield code="a">Pontificiae Academiae scientiarum scripta varia</subfield><subfield code="v">20</subfield><subfield code="w">(RERO)0663511-41slsp</subfield></datafield><datafield ind1=" " ind2=" " tag="830"><subfield code="a">Pontificiae Academiae Scientiarum scripta varia</subfield><subfield code="v">20</subfield><subfield code="w">(NEBIS)000010175EBI01</subfield></datafield><datafield ind1=" " ind2=" " tag="900"><subfield code="a">REROnoselfmerge</subfield></datafield><datafield ind1=" " ind2=" " tag="900"><subfield code="f">IDSU2medea</subfield></datafield></record>
</metadata></record>