<record><header><identifier>oai:alma.41SLSP_UGE:991000027199705502</identifier><datestamp>2023-03-06T01:09:57Z</datestamp><setSpec>uge_cmu_RapidILL_JOURNAL</setSpec><setSpec>uge_aobs_RapidILL_JOURNAL</setSpec><setSpec>uge_aaca_RapidILL_JOURNAL</setSpec><setSpec>uge_bcen_RapidILL_JOURNAL</setSpec><setSpec>uge_abbat_RapidILL_JOURNAL</setSpec><setSpec>uge_mail_RapidILL_JOURNAL</setSpec><setSpec>uge_dbu_RapidILL_JOURNAL</setSpec><setSpec>uge_abels_RapidILL_JOURNAL</setSpec><setSpec>UNIGE_ALL</setSpec><setSpec>uge_acar_RapidILL_JOURNAL</setSpec></header><metadata>
<record xmlns="http://www.loc.gov/MARC21/slim" xmlns:xsi="http://www.w3.org/2001/XMLSchema-instance" xsi:schemaLocation="http://www.loc.gov/MARC21/slim http://www.loc.gov/standards/marcxml/schema/MARC21slim.xsd"><leader>02055nas a2200541 c 4500</leader><controlfield tag="001">991000027199705502</controlfield><controlfield tag="005">20230305071739.0</controlfield><controlfield tag="008">201011c19609999xxu|| p|      0   |0eng d</controlfield><datafield ind1="7" ind2=" " tag="016"><subfield code="a">219135-0</subfield><subfield code="2">ZDB</subfield></datafield><datafield ind1=" " ind2=" " tag="022"><subfield code="l">0022-2488</subfield></datafield><datafield ind1=" " ind2=" " tag="022"><subfield code="a">0022-2488</subfield></datafield><datafield ind1=" " ind2=" " tag="035"><subfield code="a">(swissbib)218394101-41slsp_network</subfield></datafield><datafield ind1=" " ind2=" " tag="035"><subfield code="a">218394101</subfield><subfield code="9">ExL</subfield></datafield><datafield ind1=" " ind2=" " tag="035"><subfield code="a">(NEBIS)000037767EBI01</subfield></datafield><datafield ind1=" " ind2=" " tag="035"><subfield code="a">(RERO)0062960-41slsp</subfield></datafield><datafield ind1=" " ind2=" " tag="035"><subfield code="a">(IDSBB)000067491DSV01</subfield></datafield><datafield ind1=" " ind2=" " tag="035"><subfield code="a">(EXLNZ-41SLSP_NETWORK)991017646249705501</subfield></datafield><datafield ind1=" " ind2=" " tag="040"><subfield code="a">SzZuIDS NEBIS ETH-BIB</subfield><subfield code="b">ger</subfield><subfield code="e">rda</subfield><subfield code="d">CH-ZuSLS</subfield></datafield><datafield ind1=" " ind2="7" tag="072"><subfield code="a">py</subfield><subfield code="2">rero</subfield></datafield><datafield ind1=" " ind2="7" tag="072"><subfield code="a">py</subfield><subfield code="2">SzZuIDS BS/BE</subfield></datafield><datafield ind1=" " ind2="7" tag="072"><subfield code="a">mt</subfield><subfield code="2">SzZuIDS BS/BE</subfield></datafield><datafield ind1="1" ind2="4" tag="082"><subfield code="a">510</subfield><subfield code="2">15</subfield></datafield><datafield ind1="1" ind2="4" tag="082"><subfield code="a">530</subfield><subfield code="2">15</subfield></datafield><datafield ind1="1" ind2=" " tag="210"><subfield code="a">J. math. phys.</subfield></datafield><datafield ind1="1" ind2="0" tag="210"><subfield code="a">J. Math. Phys. (Woodbury, NY)</subfield></datafield><datafield ind1="0" ind2="0" tag="245"><subfield code="a">Journal of mathematical physics</subfield><subfield code="c">publ.by the American Institute of Physics</subfield></datafield><datafield ind1=" " ind2="1" tag="264"><subfield code="a">Melville New York</subfield><subfield code="b">American Institute of Physics</subfield><subfield code="c">1960-</subfield></datafield><datafield ind1=" " ind2=" " tag="300"><subfield code="a">Bände</subfield></datafield><datafield ind1=" " ind2=" " tag="310"><subfield code="a">Monatlich</subfield></datafield><datafield ind1=" " ind2=" " tag="336"><subfield code="b">txt</subfield><subfield code="2">rdacontent</subfield></datafield><datafield ind1=" " ind2=" " tag="337"><subfield code="b">n</subfield><subfield code="2">rdamedia</subfield></datafield><datafield ind1=" " ind2=" " tag="338"><subfield code="b">nc</subfield><subfield code="2">rdacarrier</subfield></datafield><datafield ind1="0" ind2=" " tag="362"><subfield code="a">Vol.1, no. 1 (Jan./Febr. 1960)-</subfield></datafield><datafield ind1=" " ind2=" " tag="500"><subfield code="a">Cumulative index Vol. 20/24(1979/83). - 1984</subfield></datafield><datafield ind1=" " ind2=" " tag="500"><subfield code="a">Cumulative index Vol. 25/29(1984/88). - 1989</subfield></datafield><datafield ind1=" " ind2=" " tag="500"><subfield code="a">Cumulative index Vol. 30/34(1989/93). - 1994</subfield></datafield><datafield ind1=" " ind2=" " tag="530"><subfield code="a">Existe aussi en version électronique. ISSN 1089-7658</subfield></datafield><datafield ind1=" " ind2="7" tag="650"><subfield code="a">MATHEMATISCHE PHYSIK</subfield><subfield code="9">ger</subfield><subfield code="0">(ETHUDK)000012468</subfield><subfield code="2">ethudk</subfield></datafield><datafield ind1=" " ind2="7" tag="650"><subfield code="a">Physique mathématique</subfield><subfield code="0">(IDREF)027801284</subfield><subfield code="2">idref</subfield></datafield><datafield ind1=" " ind2="7" tag="650"><subfield code="a">Theoretische Physik</subfield><subfield code="v">Zeitschrift</subfield><subfield code="2">idsbb</subfield></datafield><datafield ind1=" " ind2="7" tag="650"><subfield code="a">Physik</subfield><subfield code="x">Mathematische Methode</subfield><subfield code="v">Zeitschrift</subfield><subfield code="2">idsbb</subfield></datafield><datafield ind1=" " ind2="7" tag="655"><subfield code="a">Périodiques</subfield><subfield code="0">(IDREF)02724640X</subfield><subfield code="2">idref</subfield></datafield><datafield ind1=" " ind2="7" tag="655"><subfield code="a">Zeitschrift</subfield><subfield code="2">gnd-content</subfield></datafield><datafield ind1=" " ind2=" " tag="690"><subfield code="a">53</subfield><subfield code="d">Physik (Allgemein)</subfield><subfield code="2">uzb-UK</subfield></datafield><datafield ind1="2" ind2=" " tag="710"><subfield code="a">American Institute of Physics</subfield><subfield code="6">880-02</subfield><subfield code="0">(DE-588)7861-X</subfield><subfield code="e">Herausgebendes Organ</subfield><subfield code="4">isb</subfield></datafield><datafield ind1="2" ind2=" " tag="880"><subfield code="6">710-02</subfield><subfield code="a">American institute of physics</subfield><subfield code="0">(IDREF)031595146</subfield></datafield><datafield ind1="0" ind2="8" tag="776"><subfield code="i">Erscheint auch als</subfield><subfield code="n">Online-Ausgabe</subfield><subfield code="t">Journal of mathematical physics</subfield><subfield code="t">Journal of mathematical physics</subfield><subfield code="x">1089-7658</subfield></datafield><datafield ind1=" " ind2=" " tag="900"><subfield code="a">NEBISnoselfmerge</subfield></datafield><datafield ind1=" " ind2=" " tag="900"><subfield code="a">REROnoselfmerge</subfield></datafield></record>
</metadata></record>