<record><header><identifier>oai:alma.41SLSP_UGE:991000027429705502</identifier><datestamp>2023-03-01T01:08:55Z</datestamp><setSpec>uge_bcen_RapidILL_BOOK</setSpec><setSpec>uge_aaca_RapidILL_BOOK</setSpec><setSpec>uge_abels_RapidILL_BOOK</setSpec><setSpec>uge_dbu_RapidILL_BOOK</setSpec><setSpec>uge_cmu_RapidILL_BOOK</setSpec><setSpec>uge_mail_RapidILL_BOOK</setSpec><setSpec>UNIGE_ALL</setSpec><setSpec>uge_abbat_RapidILL_BOOK</setSpec><setSpec>uge_aobs_RapidILL_BOOK</setSpec><setSpec>uge_acar_RapidILL_BOOK</setSpec></header><metadata>
<record xmlns="http://www.loc.gov/MARC21/slim" xmlns:xsi="http://www.w3.org/2001/XMLSchema-instance" xsi:schemaLocation="http://www.loc.gov/MARC21/slim http://www.loc.gov/standards/marcxml/schema/MARC21slim.xsd"><leader>01522nam a2200373 c 4500</leader><controlfield tag="001">991000027429705502</controlfield><controlfield tag="005">20210207193330.0</controlfield><controlfield tag="008">201011s1928    fr ||||| |||| 00| ||fre d</controlfield><datafield ind1=" " ind2=" " tag="035"><subfield code="a">(swissbib)224634887-41slsp_network</subfield></datafield><datafield ind1=" " ind2=" " tag="035"><subfield code="a">224634887</subfield><subfield code="9">ExL</subfield></datafield><datafield ind1=" " ind2=" " tag="035"><subfield code="a">(RERO)R003400842-41slsp</subfield></datafield><datafield ind1=" " ind2=" " tag="035"><subfield code="a">(NEBIS)000090655EBI01</subfield></datafield><datafield ind1=" " ind2=" " tag="035"><subfield code="a">(IDSBB)003408310DSV01</subfield></datafield><datafield ind1=" " ind2=" " tag="035"><subfield code="a">(EXLNZ-41SLSP_NETWORK)991000189499705501</subfield></datafield><datafield ind1=" " ind2=" " tag="040"><subfield code="a">RERO neubc-</subfield><subfield code="d">CH-ZuSLS</subfield></datafield><datafield ind1=" " ind2="7" tag="072"><subfield code="a">ar</subfield><subfield code="2">rero</subfield></datafield><datafield ind1="0" ind2="0" tag="245"><subfield code="a">&lt;&lt;Le&gt;&gt; paléolithique de la Chine</subfield><subfield code="c">par M. Boule ... [et al.]</subfield></datafield><datafield ind1="1" ind2=" " tag="246"><subfield code="a">PALEOLITHIQUE de la CHINE</subfield></datafield><datafield ind1=" " ind2="1" tag="264"><subfield code="a">Paris</subfield><subfield code="b">Masson</subfield><subfield code="c">1928</subfield></datafield><datafield ind1=" " ind2=" " tag="300"><subfield code="a">VIII, 138 p., 30 f. de pl.</subfield><subfield code="b">ill.</subfield><subfield code="c">28 cm</subfield></datafield><datafield ind1=" " ind2=" " tag="336"><subfield code="b">txt</subfield><subfield code="2">rdacontent</subfield></datafield><datafield ind1=" " ind2=" " tag="337"><subfield code="b">n</subfield><subfield code="2">rdamedia</subfield></datafield><datafield ind1=" " ind2=" " tag="338"><subfield code="b">nc</subfield><subfield code="2">rdacarrier</subfield></datafield><datafield ind1="1" ind2=" " tag="490"><subfield code="a">Archives de l'Institut de paléontologie humaine</subfield><subfield code="v">mémoire 4</subfield></datafield><datafield ind1=" " ind2="7" tag="650"><subfield code="a">CHINA (OSTASIEN). VOLKSREPUBLIK CHINA</subfield><subfield code="9">ger</subfield><subfield code="0">(ETHUDK)000006251</subfield><subfield code="2">ethudk</subfield></datafield><datafield ind1=" " ind2="7" tag="650"><subfield code="a">QUARTÄR (STRATIGRAPHIE)</subfield><subfield code="9">ger</subfield><subfield code="0">(ETHUDK)000020511</subfield><subfield code="2">ethudk</subfield></datafield><datafield ind1=" " ind2="7" tag="650"><subfield code="a">VORGESCHICHTLICHE ARCHAEOLOGIE + VORGESCHICHTE</subfield><subfield code="9">ger</subfield><subfield code="0">(ETHUDK)000036570</subfield><subfield code="2">ethudk</subfield></datafield><datafield ind1="1" ind2=" " tag="700"><subfield code="a">Breuil, H.</subfield></datafield><datafield ind1="1" ind2=" " tag="700"><subfield code="a">Licent, E.</subfield></datafield><datafield ind1="1" ind2=" " tag="700"><subfield code="a">Teilhard de Chardin, Pierre</subfield><subfield code="d">1881-1955</subfield><subfield code="0">(DE-588)118621165</subfield></datafield><datafield ind1="1" ind2=" " tag="700"><subfield code="a">Boule, Marcellin</subfield><subfield code="d">1861-1942</subfield><subfield code="0">(DE-588)139656138</subfield><subfield code="6">880-02</subfield></datafield><datafield ind1="1" ind2=" " tag="880"><subfield code="6">700-02</subfield><subfield code="a">Boule, Marcellin</subfield><subfield code="d">1861-1942</subfield><subfield code="0">(IDREF)033331561</subfield></datafield><datafield ind1=" " ind2="0" tag="830"><subfield code="a">Archives de l'Institut de Paléontologie Humaine</subfield><subfield code="v">4</subfield><subfield code="w">(RERO)0119405-41slsp</subfield></datafield><datafield ind1=" " ind2="0" tag="830"><subfield code="a">Archives de l'Institut de Paléontologie Humaine</subfield><subfield code="v">4</subfield><subfield code="w">(NEBIS)000000147EBI01</subfield></datafield><datafield ind1=" " ind2=" " tag="900"><subfield code="a">REROnoselfmerge</subfield></datafield></record>
</metadata></record>