<record><header><identifier>oai:alma.41SLSP_UGE:991000027639705502</identifier><datestamp>2023-03-17T01:52:03Z</datestamp><setSpec>uge_bcen_RapidILL_BOOK</setSpec><setSpec>uge_aaca_RapidILL_BOOK</setSpec><setSpec>uge_abels_RapidILL_BOOK</setSpec><setSpec>uge_dbu_RapidILL_BOOK</setSpec><setSpec>uge_cmu_RapidILL_BOOK</setSpec><setSpec>uge_mail_RapidILL_BOOK</setSpec><setSpec>uge_abbat_RapidILL_BOOK</setSpec><setSpec>UNIGE_ALL</setSpec><setSpec>uge_aobs_RapidILL_BOOK</setSpec><setSpec>uge_acar_RapidILL_BOOK</setSpec></header><metadata>
<record xmlns="http://www.loc.gov/MARC21/slim" xmlns:xsi="http://www.w3.org/2001/XMLSchema-instance" xsi:schemaLocation="http://www.loc.gov/MARC21/slim http://www.loc.gov/standards/marcxml/schema/MARC21slim.xsd"><leader>02579nam a2200649 c 4500</leader><controlfield tag="001">991000027639705502</controlfield><controlfield tag="005">20230316200322.0</controlfield><controlfield tag="008">201011t19881988xxu||||| |||| 00| ||eng d</controlfield><datafield ind1=" " ind2=" " tag="010"><subfield code="a">87028917</subfield></datafield><datafield ind1=" " ind2=" " tag="020"><subfield code="a">012223345X</subfield></datafield><datafield ind1="7" ind2=" " tag="024"><subfield code="a">http://catalogue.bnf.fr/ark:/12148/cb37377152h</subfield><subfield code="2">uri</subfield></datafield><datafield ind1=" " ind2=" " tag="035"><subfield code="a">(swissbib)229152007-41slsp_network</subfield></datafield><datafield ind1=" " ind2=" " tag="035"><subfield code="a">229152007</subfield><subfield code="9">ExL</subfield></datafield><datafield ind1=" " ind2=" " tag="035"><subfield code="a">(RERO)1065687-41slsp</subfield></datafield><datafield ind1=" " ind2=" " tag="035"><subfield code="a">(IDSBB)000522702DSV01</subfield></datafield><datafield ind1=" " ind2=" " tag="035"><subfield code="a">(NEBIS)000509626EBI01</subfield></datafield><datafield ind1=" " ind2=" " tag="035"><subfield code="a">(IDSSG)000058367HSB01</subfield></datafield><datafield ind1=" " ind2=" " tag="035"><subfield code="a">(EXLNZ-41SLSP_NETWORK)991155810319705501</subfield></datafield><datafield ind1=" " ind2=" " tag="040"><subfield code="a">RERO geuses</subfield><subfield code="d">CH-ZuSLS</subfield></datafield><datafield ind1=" " ind2=" " tag="044"><subfield code="a">xxu</subfield><subfield code="a">xxk</subfield></datafield><datafield ind1=" " ind2="7" tag="072"><subfield code="a">se</subfield><subfield code="2">rero</subfield></datafield><datafield ind1=" " ind2="7" tag="072"><subfield code="a">ma</subfield><subfield code="2">rero</subfield></datafield><datafield ind1=" " ind2="7" tag="072"><subfield code="a">wi</subfield><subfield code="2">SzZuIDS BS/BE</subfield></datafield><datafield ind1=" " ind2="7" tag="072"><subfield code="a">mt</subfield><subfield code="2">SzZuIDS BS/BE</subfield></datafield><datafield ind1="1" ind2="4" tag="082"><subfield code="a">510</subfield><subfield code="2">15</subfield></datafield><datafield ind1="1" ind2="4" tag="082"><subfield code="a">330</subfield><subfield code="2">15</subfield></datafield><datafield ind1=" " ind2=" " tag="084"><subfield code="a">QK 620</subfield><subfield code="2">rvk</subfield></datafield><datafield ind1=" " ind2=" " tag="084"><subfield code="a">SK 980</subfield><subfield code="2">rvk</subfield></datafield><datafield ind1="1" ind2=" " tag="100"><subfield code="a">Duffie, Darrell</subfield><subfield code="d">1954-</subfield><subfield code="0">(DE-588)128596120</subfield><subfield code="6">880-01</subfield></datafield><datafield ind1="1" ind2=" " tag="880"><subfield code="6">100-01</subfield><subfield code="a">Duffie, Darrell</subfield><subfield code="d">1954-....</subfield><subfield code="0">(IDREF)031709885</subfield><subfield code="4">cre</subfield></datafield><datafield ind1="1" ind2="0" tag="245"><subfield code="a">Security markets</subfield><subfield code="b">stochastic models</subfield><subfield code="c">Darrell Duffie</subfield></datafield><datafield ind1=" " ind2="1" tag="264"><subfield code="a">Boston</subfield><subfield code="a">San Diego [etc.]</subfield><subfield code="b">Academic Press</subfield><subfield code="c">[1988]</subfield></datafield><datafield ind1=" " ind2="4" tag="264"><subfield code="c">© 1988</subfield></datafield><datafield ind1=" " ind2=" " tag="300"><subfield code="a">XX, 358 p.</subfield><subfield code="b">ill.</subfield><subfield code="c">24 cm</subfield></datafield><datafield ind1=" " ind2=" " tag="336"><subfield code="b">txt</subfield><subfield code="2">rdacontent</subfield></datafield><datafield ind1=" " ind2=" " tag="337"><subfield code="b">n</subfield><subfield code="2">rdamedia</subfield></datafield><datafield ind1=" " ind2=" " tag="338"><subfield code="b">nc</subfield><subfield code="2">rdacarrier</subfield></datafield><datafield ind1="1" ind2=" " tag="490"><subfield code="a">Economic theory, econometrics, and mathematical economics</subfield></datafield><datafield ind1=" " ind2=" " tag="504"><subfield code="a">Bibliographie: S. 323-344</subfield></datafield><datafield ind1=" " ind2="7" tag="650"><subfield code="a">Processus stochastiques</subfield><subfield code="0">(IDREF)027241300</subfield><subfield code="2">idref</subfield></datafield><datafield ind1=" " ind2="7" tag="650"><subfield code="a">valeur mobilière</subfield><subfield code="0">(RERO)A009953442</subfield><subfield code="2">rerovoc</subfield></datafield><datafield ind1=" " ind2="7" tag="650"><subfield code="a">Wertpapiermarkt</subfield><subfield code="2">idsbb</subfield></datafield><datafield ind1=" " ind2="7" tag="650"><subfield code="a">Zeitreihe</subfield><subfield code="2">idsbb</subfield></datafield><datafield ind1=" " ind2="7" tag="650"><subfield code="a">Entscheidung (Ökon.)</subfield><subfield code="2">idsbb</subfield></datafield><datafield ind1=" " ind2="7" tag="650"><subfield code="a">FINANZWESEN</subfield><subfield code="9">ger</subfield><subfield code="0">(ETHUDK)000010610</subfield><subfield code="2">ethudk</subfield></datafield><datafield ind1=" " ind2="7" tag="650"><subfield code="a">KAPITALMARKT</subfield><subfield code="9">ger</subfield><subfield code="0">(ETHUDK)000060051</subfield><subfield code="2">ethudk</subfield></datafield><datafield ind1=" " ind2="7" tag="650"><subfield code="a">MAKROÖKONOMISCHES GLEICHGEWICHT</subfield><subfield code="9">ger</subfield><subfield code="0">(ETHUDK)000010348</subfield><subfield code="2">ethudk</subfield></datafield><datafield ind1=" " ind2="7" tag="650"><subfield code="a">PORTFOLIOTHEORIE (OPERATIONS RESEARCH)</subfield><subfield code="9">ger</subfield><subfield code="0">(ETHUDK)000013884</subfield><subfield code="2">ethudk</subfield></datafield><datafield ind1=" " ind2="7" tag="650"><subfield code="a">STOCHASTISCHE MODELLE + STOCHASTISCHE SIMULATION (WAHRSCHEINLICHKEITSRECHNUNG)</subfield><subfield code="9">ger</subfield><subfield code="0">(ETHUDK)000013525</subfield><subfield code="2">ethudk</subfield></datafield><datafield ind1=" " ind2="7" tag="650"><subfield code="a">WARENBÖRSEN</subfield><subfield code="9">ger</subfield><subfield code="0">(ETHUDK)000010874</subfield><subfield code="2">ethudk</subfield></datafield><datafield ind1=" " ind2="7" tag="650"><subfield code="a">WERTPAPIERE (FINANZEN)</subfield><subfield code="9">ger</subfield><subfield code="0">(ETHUDK)000010689</subfield><subfield code="2">ethudk</subfield></datafield><datafield ind1=" " ind2="7" tag="650"><subfield code="a">Kapitalmarkt</subfield><subfield code="0">(DE-588)4029578-3</subfield><subfield code="2">gnd</subfield></datafield><datafield ind1=" " ind2="7" tag="650"><subfield code="a">Stochastisches Modell</subfield><subfield code="0">(DE-588)4057633-4</subfield><subfield code="2">gnd</subfield></datafield><datafield ind1=" " ind2=" " tag="690"><subfield code="a">90A09</subfield><subfield code="d">Finance, portfolios, investment</subfield><subfield code="2">uzb-UT</subfield></datafield><datafield ind1=" " ind2=" " tag="690"><subfield code="a">60J99</subfield><subfield code="d">None of the above, but in this section</subfield><subfield code="2">uzb-UT</subfield></datafield><datafield ind1=" " ind2=" " tag="690"><subfield code="a">90A16</subfield><subfield code="d">Dynamic economic models, growth modeis</subfield><subfield code="2">uzb-UT</subfield></datafield><datafield ind1=" " ind2=" " tag="830"><subfield code="a">Economic theory, econometrics, and mathematical economics</subfield><subfield code="w">(RERO)0229542-41slsp</subfield></datafield><datafield ind1=" " ind2=" " tag="900"><subfield code="a">REROnoselfmerge</subfield></datafield></record>
</metadata></record>