<record><header><identifier>oai:alma.41SLSP_UGE:991000027629705502</identifier><datestamp>2024-09-18T00:08:49Z</datestamp><setSpec>uge_bcen_RapidILL_BOOK</setSpec><setSpec>uge_aaca_RapidILL_BOOK</setSpec><setSpec>uge_abels_RapidILL_BOOK</setSpec><setSpec>uge_dbu_RapidILL_BOOK</setSpec><setSpec>uge_cmu_RapidILL_BOOK</setSpec><setSpec>uge_mail_RapidILL_BOOK</setSpec><setSpec>uge_abbat_RapidILL_BOOK</setSpec><setSpec>UNIGE_ALL</setSpec><setSpec>uge_aobs_RapidILL_BOOK</setSpec><setSpec>uge_acar_RapidILL_BOOK</setSpec></header><metadata>
<record xmlns="http://www.loc.gov/MARC21/slim" xmlns:xsi="http://www.w3.org/2001/XMLSchema-instance" xsi:schemaLocation="http://www.loc.gov/MARC21/slim http://www.loc.gov/standards/marcxml/schema/MARC21slim.xsd"><leader>02942nam a2200685uc 4500</leader><controlfield tag="001">991000027629705502</controlfield><controlfield tag="005">20240917142434.0</controlfield><controlfield tag="008">201012s1976    sz            00| | ger d</controlfield><datafield ind1=" " ind2=" " tag="020"><subfield code="a">3858160016</subfield></datafield><datafield ind1=" " ind2=" " tag="035"><subfield code="a">(swissbib)235816051-41slsp_network</subfield></datafield><datafield ind1=" " ind2=" " tag="035"><subfield code="a">235816051</subfield><subfield code="9">ExL</subfield></datafield><datafield ind1=" " ind2=" " tag="035"><subfield code="a">(IDSLU)000081872ILU01</subfield></datafield><datafield ind1=" " ind2=" " tag="035"><subfield code="a">(IDSBB)000298883DSV01</subfield></datafield><datafield ind1=" " ind2=" " tag="035"><subfield code="a">(RERO)0429890-41slsp</subfield></datafield><datafield ind1=" " ind2=" " tag="035"><subfield code="a">(NEBIS)001292040EBI01</subfield></datafield><datafield ind1=" " ind2=" " tag="035"><subfield code="a">(EXLNZ-41SLSP_NETWORK)991046037229705501</subfield></datafield><datafield ind1=" " ind2=" " tag="040"><subfield code="a">SzZuIDS LU LUZHB</subfield><subfield code="e">kids</subfield><subfield code="d">CH-ZuSLS</subfield></datafield><datafield ind1=" " ind2="7" tag="072"><subfield code="a">520</subfield><subfield code="2">IDS LU</subfield></datafield><datafield ind1=" " ind2="7" tag="072"><subfield code="a">ds</subfield><subfield code="2">SzZuIDS BS/BE</subfield></datafield><datafield ind1=" " ind2="7" tag="072"><subfield code="a">lg</subfield><subfield code="2">rero</subfield></datafield><datafield ind1="0" ind2="0" tag="082"><subfield code="a">437/.9/4943</subfield></datafield><datafield ind1="1" ind2="4" tag="082"><subfield code="a">430</subfield><subfield code="2">15</subfield></datafield><datafield ind1=" " ind2=" " tag="084"><subfield code="a">GB 1605</subfield><subfield code="2">rvk</subfield></datafield><datafield ind1=" " ind2=" " tag="084"><subfield code="a">GD 1800</subfield><subfield code="2">rvk</subfield></datafield><datafield ind1="1" ind2=" " tag="100"><subfield code="6">880-01</subfield><subfield code="a">Suter, Rudolf</subfield><subfield code="d">1920-2011</subfield><subfield code="0">(DE-588)124156363</subfield></datafield><datafield ind1="1" ind2=" " tag="880"><subfield code="6">100-01</subfield><subfield code="a">Suter, Rudolf</subfield><subfield code="0">(RERO)A003877385</subfield><subfield code="4">cre</subfield></datafield><datafield ind1="1" ind2="0" tag="245"><subfield code="a">Baseldeutsch-Grammatik</subfield><subfield code="c">Rudolf Suter ; [Hrsg.: Christoph-Merian-Stiftung, Basel]</subfield></datafield><datafield ind1=" " ind2=" " tag="250"><subfield code="a">2. Auflage</subfield></datafield><datafield ind1=" " ind2="1" tag="264"><subfield code="a">Basel</subfield><subfield code="b">Christoph-Merian-Verl.</subfield><subfield code="c">1976</subfield></datafield><datafield ind1=" " ind2=" " tag="300"><subfield code="a">252 p.</subfield><subfield code="b">ill.</subfield><subfield code="c">21 cm</subfield></datafield><datafield ind1=" " ind2=" " tag="336"><subfield code="b">txt</subfield><subfield code="2">rdacontent</subfield></datafield><datafield ind1=" " ind2=" " tag="337"><subfield code="b">n</subfield><subfield code="2">rdamedia</subfield></datafield><datafield ind1=" " ind2=" " tag="338"><subfield code="b">nc</subfield><subfield code="2">rdacarrier</subfield></datafield><datafield ind1="1" ind2=" " tag="490"><subfield code="a">Grammatiken und Wörterbücher des Schweizerdeutschen</subfield><subfield code="v">Bd. 6, 2. Aufl.</subfield></datafield><datafield ind1=" " ind2="7" tag="650"><subfield code="a">Schweizerdeutsch</subfield><subfield code="z">Basel</subfield><subfield code="x">Grammatik</subfield><subfield code="2">idsbb</subfield></datafield><datafield ind1=" " ind2="7" tag="650"><subfield code="a">Allemand (langue)</subfield><subfield code="0">(IDREF)027789829</subfield><subfield code="2">idref</subfield></datafield><datafield ind1=" " ind2="7" tag="650"><subfield code="a">bâlois (dialecte)</subfield><subfield code="0">(RERO)A010048616</subfield><subfield code="2">rerovoc</subfield></datafield><datafield ind1=" " ind2="7" tag="650"><subfield code="a">Grammaire</subfield><subfield code="0">(IDREF)02863165X</subfield><subfield code="2">idref</subfield></datafield><datafield ind1=" " ind2="7" tag="650"><subfield code="a">Baseldeutsch</subfield><subfield code="0">(DE-588)4120154-1</subfield><subfield code="2">gnd</subfield></datafield><datafield ind1=" " ind2="7" tag="650"><subfield code="a">Grammatik</subfield><subfield code="0">(DE-588)4021806-5</subfield><subfield code="2">gnd</subfield></datafield><datafield ind1=" " ind2="7" tag="650"><subfield code="a">Mundart</subfield><subfield code="0">(DE-588)4040725-1</subfield><subfield code="2">gnd</subfield></datafield><datafield ind1=" " ind2="7" tag="650"><subfield code="a">Baseldeutsch</subfield><subfield code="2">idszbz</subfield></datafield><datafield ind1=" " ind2="7" tag="650"><subfield code="a">Grammatik</subfield><subfield code="2">idszbz</subfield></datafield><datafield ind1=" " ind2="7" tag="650"><subfield code="a">Schweizerdeutsch</subfield><subfield code="2">idszbz</subfield></datafield><datafield ind1=" " ind2="0" tag="650"><subfield code="a">German language</subfield><subfield code="x">Dialects</subfield><subfield code="z">Switzerland</subfield><subfield code="z">Basel</subfield></datafield><datafield ind1=" " ind2="0" tag="650"><subfield code="a">German language</subfield><subfield code="x">Grammar</subfield></datafield><datafield ind1=" " ind2="7" tag="651"><subfield code="a">Basel-Landschaft</subfield><subfield code="0">(DE-588)4004619-9</subfield><subfield code="2">gnd</subfield></datafield><datafield ind1=" " ind2="7" tag="651"><subfield code="a">Basel-Stadt</subfield><subfield code="0">(DE-588)1077172354</subfield><subfield code="2">gnd</subfield></datafield><datafield ind1=" " ind2="7" tag="651"><subfield code="a">Basel</subfield><subfield code="0">(DE-588)4004617-5</subfield><subfield code="2">gnd</subfield></datafield><datafield ind1=" " ind2="7" tag="655"><subfield code="a">Manuels d'enseignement</subfield><subfield code="0">(IDREF)027446514</subfield><subfield code="2">idref</subfield></datafield><datafield ind1=" " ind2=" " tag="690"><subfield code="a">Grammatik. Schweizerdeutsche Mundarten. Basel-St</subfield><subfield code="2">rzs-L1</subfield></datafield><datafield ind1=" " ind2=" " tag="690"><subfield code="a">Mundarten, schweizerdeutsche, B: Grammatik. Basel-St.</subfield><subfield code="2">rzs-L1</subfield></datafield><datafield ind1=" " ind2=" " tag="690"><subfield code="a">Basel-St., B: Mundart, schweizerdeutsche: Grammatik</subfield><subfield code="2">rzs-L1</subfield></datafield><datafield ind1=" " ind2=" " tag="690"><subfield code="a">Mundart, Basel (Stadt), Grammatik</subfield><subfield code="2">ubs-A6</subfield></datafield><datafield ind1="2" ind2=" " tag="710"><subfield code="a">Christoph Merian Stiftung</subfield><subfield code="0">(DE-588)2035799-0</subfield></datafield><datafield ind1=" " ind2=" " tag="830"><subfield code="a">Grammatiken und Wörterbücher des Schweizerdeutschen in allgemeinverständlicher Darstellung</subfield><subfield code="v">6</subfield><subfield code="w">(RERO)0433325-41slsp</subfield></datafield><datafield ind1=" " ind2=" " tag="830"><subfield code="a">Grammatiken und Wörterbücher des Schweizerdeutschen in allgemein verständlicher Darstellung</subfield><subfield code="v">6/2</subfield><subfield code="w">(NEBIS)000987262EBI01</subfield></datafield><datafield ind1=" " ind2=" " tag="830"><subfield code="a">Grammatiken und Wörterbücher des Schweizerdeutschen in allgemeinverständlicher Darstellung</subfield><subfield code="v">6/2</subfield><subfield code="w">(IDSBB)000026085DSV01</subfield></datafield><datafield ind1=" " ind2=" " tag="830"><subfield code="a">Grammatiken und Wörterbücher des Schweizerdeutschen</subfield><subfield code="v">6</subfield><subfield code="w">(IDSLU)000133785ILU01</subfield></datafield><datafield ind1=" " ind2=" " tag="900"><subfield code="a">REROnoselfmerge</subfield></datafield><datafield ind1=" " ind2=" " tag="900"><subfield code="d">IDSZ2zbzswk200901b</subfield><subfield code="e">IDSZ2boxm</subfield></datafield></record>
</metadata></record>