<record><header><identifier>oai:alma.41SLSP_UGE:991000027019705502</identifier><datestamp>2023-03-01T01:08:55Z</datestamp><setSpec>UNIGE_ALL</setSpec></header><metadata>
<record xmlns="http://www.loc.gov/MARC21/slim" xmlns:xsi="http://www.w3.org/2001/XMLSchema-instance" xsi:schemaLocation="http://www.loc.gov/MARC21/slim http://www.loc.gov/standards/marcxml/schema/MARC21slim.xsd"><leader>01074nim a2200289 c 4500</leader><controlfield tag="001">991000027019705502</controlfield><controlfield tag="005">20211015192558.0</controlfield><controlfield tag="007">ss#|||||||||||</controlfield><controlfield tag="008">980515s1998    sz ||| |          ||fre d</controlfield><datafield ind1=" " ind2=" " tag="035"><subfield code="a">(swissbib)093238258-41slsp_network</subfield></datafield><datafield ind1=" " ind2=" " tag="035"><subfield code="a">093238258</subfield><subfield code="9">ExL</subfield></datafield><datafield ind1=" " ind2=" " tag="035"><subfield code="a">(RERO)R230128960-41slsp</subfield></datafield><datafield ind1=" " ind2=" " tag="035"><subfield code="a">(EXLNZ-41SLSP_NETWORK)991098234739705501</subfield></datafield><datafield ind1=" " ind2=" " tag="040"><subfield code="a">RERO geumed</subfield><subfield code="d">CH-ZuSLS</subfield></datafield><datafield ind1=" " ind2=" " tag="044"><subfield code="a">sz</subfield><subfield code="c">ch-ge</subfield></datafield><datafield ind1=" " ind2="7" tag="072"><subfield code="a">fr</subfield><subfield code="2">rero</subfield></datafield><datafield ind1="1" ind2=" " tag="100"><subfield code="a">Chudak, Henryk</subfield><subfield code="d">1930-2006</subfield><subfield code="0">(IDREF)029935393</subfield><subfield code="4">cre</subfield></datafield><datafield ind1="1" ind2="0" tag="245"><subfield code="a">&lt;&lt;Le&gt;&gt; sel et la cendre</subfield><subfield code="b">autoportrait</subfield><subfield code="c">Henryk Chudak</subfield></datafield><datafield ind1=" " ind2="1" tag="264"><subfield code="a">Genève</subfield><subfield code="b">Laboratoire audiovisuel universitaire [prod.]</subfield><subfield code="c">1998</subfield></datafield><datafield ind1=" " ind2=" " tag="300"><subfield code="a">1 cassette sonore (35 min.)</subfield></datafield><datafield ind1=" " ind2=" " tag="336"><subfield code="b">spw</subfield><subfield code="2">rdacontent</subfield></datafield><datafield ind1=" " ind2=" " tag="337"><subfield code="b">s</subfield><subfield code="2">rdamedia</subfield></datafield><datafield ind1=" " ind2=" " tag="338"><subfield code="b">ss</subfield><subfield code="2">rdacarrier</subfield></datafield><datafield ind1="0" ind2=" " tag="490"><subfield code="a">Marcel Raymond, conscience de la littérature</subfield></datafield><datafield ind1=" " ind2=" " tag="500"><subfield code="a">Conférence donnée le 23 avril 1998, dans le cadre du colloque pour le centenaire de la naissance de Marcel Raymond</subfield></datafield><datafield ind1="1" ind2="7" tag="600"><subfield code="a">Raymond, Marcel</subfield><subfield code="d">1897-1981</subfield><subfield code="0">(IDREF)027091341</subfield><subfield code="2">idref</subfield></datafield><datafield ind1=" " ind2="7" tag="655"><subfield code="a">[enregistrement sonore]</subfield><subfield code="2">rerovoc</subfield><subfield code="0">(RERO)A010181578</subfield></datafield><datafield ind1=" " ind2=" " tag="900"><subfield code="a">REROnoselfmerge</subfield></datafield></record>
</metadata></record>